4028 6042
224 388 260 440 ⁴6
634 381 729 441 nunu
750 383 881 445 ΣΤΙΧΟΙ
900 383 995 443 ΠΕΡΙ
1017 381 1117 444 MN
1137 384 1359 447 ΙΔΙΟΤΗΤΟΣ.
1686 391 1843 470 (εει-εει.)

282 513 367 592 χωρτῗ
378 511 442 592 erpi<
454 515 543 592 ἰχθῦς,
558 513 732 595 Αύσονάρχα,
744 513 907 594 δυσμάχους·
1049 523 1156 574 adoritur
1167 526 1258 589 pieres,
1268 531 1393 578 Ausonum
1405 541 1461 591 rex,
1473 528 1650 583 ferocissimus:

286 597 331 657 καί
342 597 400 666 τούς
411 597 603 679 σαγηνεύοντες
615 601 692 660 αὐτὸν
704 604 731 660 ού
743 601 847 684 τρέμει,
1050 625 1094 662 nee
1105 613 1191 663 metuit
1201 627 1288 677 sagene
1297 627 1354 666 eum
1366 620 1488 680 petentes,

236 687 266 763 (ε)
283 690 380 766 γοργῶς
393 688 511 746 διασπῶν
526 686 573 755 τὰς
589 689 689 757 πλοκδς
703 693 753 748 τῶν
765 689 885 764 δικτύων,
1050 701 1136 750 acriter
1146 700 1257 753 scindens
1268 715 1345 754 nexus
1354 704 1457 765 retium,

284 775 328 832 καί
342 776 474 856 μέμφεται
486 780 535 854 μῦς
548 774 607 843 τούς
621 777 760 860 ἀνύδρους,
775 781 801 837 ἐν
816 779 903 838 σκότει
1049 793 1074 838 et
1084 789 1215 840 mutemuit
1226 803 1308 842 mures
1318 797 1456 854 terrestres,
1469 793 1610 846 intenebris

221 884 269 922 ινιο
281 863 305 921 οἰ
319 867 381 933 ζῶσι
395 867 506 944 πικρῶς,
521 864 569 923 xer
586 869 684 925 συλῶσι
698 865 744 934 τδις
756 865 851 948 ψίχας·
1049 877 1091 940 qui
1102 879 1188 928 vivunt
1196 891 1294 942 erpere,
1307 881 1402 932 etiemei
1411 881 1485 932 miens
1494 882 1639 946 surripiunt3

283 951 325 1019 οθς
341 951 386 1011 καί
400 954 469 1031 γαλῆ
484 952 623 1034 τρίζουσα,
639 955 684 1014 καί
698 955 783 1028 πλδιξ,
797 957 842 1015 καὶ
858 954 963 1037 βρόχος,
1049 979 1109 1028 quas
1123 971 1147 1016 et
1158 967 1211 1018 telin
1220 968 1337 1032 stridens,
1350 972 1374 1020 et
1384 969 1473 1021 tubelle
1485 971 1631 1029 lusidiunr,
1643 975 1668 1022 et
1679 973 1790 1037 tuumne,

282 1039 328 1098 καί
340 1039 419 1119 παγίς
431 1039 562 1123 ἰξότριψε,
577 1042 623 1101 καί
639 1041 726 1124 βραχύ
739 1042 828 1121 στέαρ.
1049 1059 1073 1104 et
1084 1055 1194 1120 decipula
1204 1061 1301 1120 enecet,
1311 1059 1336 1109 et
1348 1059 1469 1122 pannulus
1482 1059 1565 1125 adeps.

563 1199 688 1213 ——nn

1368 1226 1491 1240 n—

445 1284 538 1344 ΠΕΡΙ
561 1283 780 1344 ΚΕΣΤΡΕΩΣ·
1230 1323 1284 1374 113
1309 1311 1379 1394 (97).
1401 1315 1453 1376 DE
1473 1315 1636 1378 MUGILE.

283 1408 413 1491 Κεστρεθς
427 1407 455 1470 δί
469 1413 595 1492 λαμπρᾶς
609 1409 751 1487 μειδιώσης
767 1411 866 1492 αἰθρίας

276 1492 368 1563 ἔξεισιν
380 1499 415 1564 εἰς
427 1495 474 1569 τὴν
487 1496 594 1576 χέρσον,
610 1497 682 1579 ἀφεὶς
696 1498 744 1569 τὴν
755 1499 841 1579 χύσιν·

217 1602 266 1641 tete
279 1581 323 1641 ἒπί
337 1585 364 1642 δὲ
376 1591 422 1644 τοῦ
434 1584 559 1666 χώματος
574 1589 661 1645 ὑπνῶν
674 1590 710 1654 εἷς
725 1588 802 1668 βάθος
1047 1629 1073 1675 Β,
1083 1625 1106 1674 χ,
1118 1639 1202 1688 aggere
1212 1628 1356 1691 protundum
1368 1628 1491 1680 dormiens

274 1671 306 1731 ἂν
320 1675 486 1784 ‘'mmai-⁴?
501 1676 565 1757 πρὸς
576 1676 611 1784 τί
618 1681 718 1786 ίεῖθίον,
732 1668 766 1735 αὖ
777 1676 881 1758 ‘Fixa’
1047 1714 1068 1764 ei
1079 1721 1167 1766 terrore
1178 1716 1304 1779 excitetur,
1314 1717 1339 1766 in
1350 1717 1439 1768 ilumen
1448 1719 1561 1778 recurrit,

229 1763 260 1840 (θ)
274 1763 320 1821 καί
332 1766 363 1844 ζῇ
378 1769 491 1844 καθαροί
502 1789 626 1844 murmur
636 1768 761 1847 ὑποψίας)
1047 1804 1073 1852 et
1082 1802 1142 1852 vivit
1153 1802 1213 1852 liber
1224 1817 1238 1852 e
1248 1809 1314 1854 metu
1326 1805 1467 1856 insidiarum
1480 1807 1642 1869 terrestrium,

279 1850 363 1932 φυγὰς
376 1855 418 1911 ἐπ’
431 1853 512 1924 αὐτὴν
527 1853 636 1934 εἰσρυεὶς
647 1853 694 1926 τὴν
710 1855 833 1936 πατρίδα.
1047 1890 1104 1940 ml
1116 1891 1140 1940 in
1150 1891 1227 1954 ipsam
1237 1891 1314 1942 redux
1323 1893 1434 1956 pamm·

1048 1449 1122 1512 ungu
1134 1452 1227 1512 numm,
1239 1451 1335 1515 quaudo
1346 1465 1432 1503 serene
1442 1453 1505 1506 ridet
1513 1455 1603 1516 aethm,

1047 1537 1097 1587 exit
1107 1537 1132 1587 iu
1143 1537 1226 1600 littus,
1237 1540 1326 1590 relictis
1336 1540 1431 1591 fluentis
1442 1556 1450 1592 :

581 2007 700 2031 ——r-

1340 2029 1470 2045 —

250 2086 356 2164 ίΠΕΡΙ
378 2089 973 2257 ΚΕΣΤΡββγξΝβββὲβθΛθΥΜΕΝθΥ
1048 2137 1115 2217 [ιιι
1146 2139 1215 2217 (ω).
1242 2141 1292 2201 uu
1319 2142 1838 2225 uuuruuumrnnuouruu.1

279 2307 377 2391 [Ἰχθύς
391 2308 429 2376 τίς
445 2312 500 2368 ἐστι
514 2315 559 2368 τοῦ
573 2308 662 2390 γένους
674 2313 726 2368 τῶν
739 2312 880 2393 κεστρέων,
1048 2313 1133 2378 [Piscis
1141 2317 1180 2364 est
1191 2315 1279 2378 uliquis
1289 2329 1319 2366 ex
1329 2329 1415 2378 genere
1427 2317 1559 2378 mugilum,
1578 2297 1580 2300 ¹

216 2416 268 2456 ιυευ
279 2396 339 2464 tete
350 2396 475 2474 νέμεσθαι
488 2399 515 2456 ἐν
530 2397 638 2480 πέτραις
651 2399 805 2478 παραλίοις·
1047 2405 1159 2452 assuetus
1169 2403 1255 2466 degere
1264 2404 1290 2453 iu
1301 2405 1367 2453 saxis
1378 2404 1538 2467 littomlibus;

277 2485 366 2554 ξανθὸς
380 2483 427 2564 μὲν
441 2487 504 2545 ἰδεῖν
521 2486 567 2545 καί
582 2486 720 2566 μελίχροος
734 2487 820 2546 πελεν·
1047 2491 1124 2540 navus
1137 2493 1236 2555 aspectu
1247 2493 1272 2542 et
1285 2491 1363 2542 mellei
1372 2493 1460 2542 notorie
1469 2498 1506 2542 est
1517 2505 1538 2542 τ·

279 2573 387 2634 Ἄδωνιν
403 2577 427 2634 οἱ
440 2572 488 2654 μὲν
503 2574 581 2655 ἴδριες
593 2575 742 2634 θαλασσίων
1047 2579 1156 2641 Adonin,
1169 2579 1319 2642 quiquidem
1331 2581 1401 2644 periti
1412 2586 1470 2631 suut
1481 2581 1515 2631 rei
1528 2581 1639 2639 marium,

225 2661 259 2743 (e)
272 2665 397 2722 καλοῦσιν
410 2662 488 2722 αὐτὸν
501 2668 617 2741 μυθικῶς
632 2664 800 2747 κεκραγότες,
1047 2681 1103 2718 eum
1112 2668 1232 2732 appeltam
1242 2669 1348 2731 mythice
1360 2671 1501 2733 loquentes,

278 2750 353 2810 ἄλλοι
365 2751 393 2809 δὲ
408 2750 543 2819 ἐξώκοιτον
556 2755 585 2810 ἐκ
597 2757 645 2824 τῆς
654 2752 754 2824 αἰτίας,
1047 2755 1086 2805 alii
1097 2769 1154 2806 rem
1163 2759 1305 2806 Exucmtum
1316 2757 1565 2820 (extra-cubantem)
1579 2773 1608 2808 er
1620 2759 1672 2822 ipse
1682 2774 1728 2810 re:

214 2859 265 2900 rent
277 2843 313 2906 ὡς
327 2846 420 2917 μοῦνος
435 2840 511 2908 αὐτὸς
523 2846 571 2913 τῆς
583 2841 644 2909 όιλδς
658 2843 755 2921 βαίνων
769 2841 821 2900 ἄπο
1047 2858 1103 2894 uum
1114 2844 1180 2893 sotus
1192 2843 1232 2894 iile
1241 2857 1254 2893 e
1264 2846 1324 2893 meri
1336 2843 1453 2895 excedens

275 2926 339 3009 πρδς
355 2927 450 3009 χέρσον
464 2928 546 3000 αὐτὴν
566 2929 685 3002 ἐκτίθησι
698 2927 746 2996 τὰς
760 2929 858 2997 κοίτας,
1047 2933 1170 2981 interram
1182 2932 1532 2996 ipsnm,extrep0nitcubitie.

280 3016 334 3076 Καὶ
346 3016 398 3098 γάρ
410 3016 432 3076 θ’
444 3015 507 3076 όταν
521 3017 551 3074 τό
566 3023 639 3094 κῶμα
652 3023 772 3097 πραϋνθῇ
790 3019 888 3090 σάλου,
1047 3021 1144 3070 Etenim
1153 3033 1228 3083 quum
1240 3019 1328 3070 fluetus
1340 3019 1437 3071 sedatus
1448 3026 1486 3072 est
1497 3023 1554 3084 sati,

212 3106 256 3182 (tui
274 3106 301 3162 ἐν
314 3112 368 3172 τοῖς
379 3107 503 3184 γαληνοῐς
518 3105 563 3164 καί
579 3105 710 3172 ύπευδίοις
727 3105 813 3172 τόποις
1046 3109 1070 3158 in
1081 3109 1216 3172 tranquillis
1225 3107 1412 3172 eiaprict'slotis

275 3192 328 3252 τότ’
342 3185 386 3253 σύν
399 3192 490 3252 ἑαυτὸν
506 3192 634 3262 ἐξοκέλλει
649 3193 761 3274 ἀθρόως,
1047 3199 1104 3247 tune
1113 3211 1139 3248 se
1148 3197 1237 3247 emittit
1248 3197 1387 3260 confestim,

214 3301 265 3342 {eeu
277 3280 369 3341 τούτου
381 3281 404 3338 τ’
420 3280 461 3339 ἐπ’
475 3283 541 3352 αὐτ-’ἤ
555 3286 589 3360 τῇ
605 3279 676 3362 ῥύμῃ
691 3281 846 3360 ὀχούμενος,
1047 3289 1072 3335 et
1085 3285 1267 3348 hujussluctur
1276 3285 1368 3348 impetu
1380 3286 1433 3349 ipsu
1445 3290 1530 3337 vectus

297 3369 366 3428 ίπτει
380 3368 409 3428 τὸ
424 3372 502 3446 σῶμα
518 3370 588 3428 κατὰ
602 3367 706 3450 πέτρων
721 3360 750 3428 εύ
763 3368 849 3446 μάλα·
1045 3374 1120 3435 jactet
1129 3387 1216 3437 eorpus
1228 3374 1251 3422 iu
1264 3387 1321 3424 saxu
1333 3375 1461 3425 commode
1471 3375 1619 3426 admodum:

281 3521 286 3538 Ι
308 3456 354 3516 καί
370 3456 451 3538 βαθύν
464 3456 508 3516 τδν
521 3456 601 3516 ὕπνον
614 3455 682 3515 εὕδει
696 3455 793 3532 ἡδέως,
1046 3463 1090 3512 ubi
1103 3463 1175 3512 etiem
1187 3461 1333 3525 protundum
1344 3476 1457 3513 sumnum
1467 3465 1532 3528 eupit
1542 3465 1660 3528 suaviter,

212 3546 257 3623 (te)
273 3545 380 3604 πάντων
397 3545 575 3627 ἀφροντίστως
587 3567 616 3604 τε
626 3548 681 3604 τῶν
694 3545 781 3603 ἄλλων
795 3543 872 3624 ἔχων,
1046 3550 1204 3613 omniumque
1213 3551 1315 3600 nliorum
1325 3551 1390 3600 nulia
1400 3565 1457 3600 cum
1468 3556 1560 3614 tuctus,

275 3634 336 3693 ἄνευ
350 3633 501 3694 θαλασσίων
516 3658 545 3713 γε
560 3633 668 3715 ὀρνίθων
683 3634 779 3709 μόνων,
1047 3643 1208 3702 praeterquam
1220 3640 1366 3689 marinarum
1375 3637 1457 3688 evium
1469 3640 1589 3701 setarum,

213 3743 263 3782 rnen
278 3722 321 3790 οἰις
332 3722 379 3782 καί
392 3721 492 3782 δέδοικε
507 3723 552 3780 καί
567 3721 693 3804 πέφρικεν
709 3721 839 3792 ἐκτόπως,
1028 3718 1032 3726 ’
1047 3741 1108 3790 quus
1119 3729 1144 3777 et
1156 3727 1241 3778 metuit
1250 3731 1274 3778 et
1285 3728 1368 3778 horret
1379 3728 1526 3790 immaniter,

278 3810 352 3878 εἰδὼς
364 3809 404 3870 ὅθ’
420 3816 437 3883 ἡ
453 3811 576 3870 θάλασσα
588 3811 682 3877 αὐτούς
695 3810 813 3892 ἐκτρέφει
1048 3817 1126 3866 ueiens
1137 3815 1203 3879 quud
1214 3830 1281 3866 mure
1292 3829 1333 3866 ens
1344 3817 1435 3866 enutrit

274 3903 304 3959 ἐκ
318 3904 370 3959 τῶν
385 3903 480 3972 ἑαυτῆς
492 3901 610 3982 δαψιλῶν
626 3898 786 3976 ἐδεσμάτων.
1047 3906 1126 3955 exsui
1139 3905 1243 3970 mpiosis
1254 3905 1351 3956 eduliis.

211 3989 258 4067 (nu)
270 3986 380 4048 Τούτων
394 3987 432 4055 τίς
444 3990 515 4068 αὐτῷ
530 3986 613 4046 εἴπατ’
627 3986 713 4069 ὀφθείς
728 3987 867 4067 μακρόθεν,
1047 3997 1138 4044 Herum
1152 3995 1173 4044 si
1184 4008 1233 4058 que
1242 3995 1303 4044 sorte
1312 3995 1357 4058 ipsi
1369 3998 1499 4059 conspeetu
1510 3998 1549 4046 esi
1557 4009 1571 4046 e
1580 3996 1725 4061 longinquo.
1755 4020 1759 4029 ·

277 4075 349 4144 εὐθύς
363 4099 393 4155 γε
408 4079 481 4160 πηδᾷ
496 4077 540 4136 καί
555 4078 699 4136 ἐπάλλεται
717 4077 790 4148 δίκην
1047 4085 1129 4135 statim
1141 4083 1221 4134 exsilit
1230 4086 1254 4134 et
1262 4083 1368 4133 exsultet
1380 4084 1456 4134 iustnr

210 4184 262 4224 reru
273 4163 331 4224 νέου
343 4171 469 4245 χορευτοῦ
481 4165 498 4237 ἢ
511 4165 589 4246 κόρης
603 4167 787 4247 ὀρχηστρίδος,
1044 4173 1141 4236 juvenis
1151 4172 1269 4223 saltaturis
1278 4177 1321 4222 aut
1330 4173 1417 4235 puetiet
1428 4172 1569 4232 saltatricis,

274 4252 394 4312 σπεύδων
409 4253 472 4336 παρ’
488 4257 572 4312 αὐτῶν
587 4258 639 4312 τῶν
654 4255 757 4336 πετρῶν
773 4256 939 4336 ἀποδράσαι,
1047 4261 1163 4313 festinans
1172 4261 1204 4310 ab
1216 4261 1274 4324 ipsis
1286 4261 1360 4324 petris
1373 4261 1500 4323 aufugere,

273 4345 308 4410 ὡς
323 4340 445 4420 ἐμπεσὼν
459 4342 574 4423 τάχιστα
587 4351 641 4408 τοῖς
655 4341 757 4420 κύμασί
775 4369 802 4402 τε
1048 4353 1076 4401 ut
1085 4351 1199 4414 detrusus
1211 4349 1336 4402 celerrime
1347 4349 1372 4399 iu
1384 4349 1473 4399 iiuetus

211 4430 257 4508 (τε)
276 4429 457 4510 attentaretur
475 4433 617 4514 τῆςβορᾶς
630 4435 681 4489 τῶν
697 4431 814 4512 ὀρνέων]
1047 4437 1430 4502 servetseebiugiuriearinm.]

533 4593 653 4608 21—
1377 4601 1503 4614 ——n

471 4681 565 4741 nuru
588 4681 736 4741 uurnu.
1250 4695 1304 4744 ιιι
1329 4686 1400 4765 (νο).
1423 4688 1476 4748 uu
1498 4688 1625 4748 urnis,

273 4821 371 4904 Μήτηρ
384 4827 398 4882 θ
411 4824 494 4895 πηλὸς
505 4822 552 4883 καὶ
562 4821 652 4902 πατὴρ
667 4824 724 4891 ταῖς
739 4821 852 4902 ἀφύαις,
1046 4835 1122 4884 Meter
1133 4840 1157 4882 et
1169 4833 1236 4895 puter
1245 4845 1341 4882 menum
1351 4837 1389 4884 ert
1399 4833 1482 4898 apris,

211 4933 261 4973 unte
273 4911 302 4971 αἰ
316 4915 442 4992 νουνεχῶς
457 4914 556 4972 οἰκοῦσι
569 4910 628 4980 τοὺς
642 4911 745 4980 κοίλους
758 4910 858 4978 λίθους·
1046 4934 1102 4984 quire
1112 4920 1243 4984 prudenter
1253 4921 1362 4972 hubitant
1372 4923 1397 4973 in
1409 4923 1475 4972 curie
1487 4927 1570 4972 sextu:

273 5000 405 5062 δεδοίκασι
416 4999 467 5079 γὰρ
481 4999 527 5068 τὰς
539 4999 621 5083 φορδις
636 5005 688 5060 τῶν
702 4999 872 5079 πνευμάτων.
1046 5011 1159 5060 ιιιοίυυιιί
1170 5010 1234 5059 euim
1243 5010 1350 5074 impetus
1360 5017 1495 5063 ventorum.

274 5089 383 5150 Τούτων
398 5088 497 5161 ἑκάστη
515 5089 561 5147 καί
574 5094 671 5172 τροφῆς
686 5089 756 5161 πλὴν
771 5089 885 5171 ἐτράφη,
1008 5151 1010 5156 ,
1046 5101 1137 5150 iterum
1149 5112 1253 5162 qumque
1266 5099 1339 5149 etiem
1351 5099 1403 5151 siue
1414 5100 1469 5152 cibo
1478 5099 1592 5164 nutritur,

221 5180 253 5259 (ι)
270 5183 318 5252 τῆς
331 5183 469 5258 συγγενῶς
482 5177 512 5237 τὸ
524 5182 603 5257 σῶμα
618 5177 819 5260 λιχμησαμένη.
1046 5188 1139 5251 lingens
1150 5197 1239 5249 remur
1247 5189 1366 5240 rnueortis
1377 5201 1438 5240 surr.
