4058 6092
659 485 870 551 inuocem
891 487 1075 550 IDYLLION
1095 489 1177 551 xlii.
1683 501 1719 551 2⁵

126 617 368 694 ἅθείνατσι,γενεαῐς
380 613 407 674 δέ
421 613 591 685 διηκοσίαισιν
605 618 695 674 ίπειτα

126 705 267 785 ἀγγείλειεν
281 705 339 780 ἐμοί
352 727 390 770 τις
404 701 520 771 ἀνέξοδον
532 707 567 770 εἰς
574 702 724 784 Ἀχέροντα·

76 805 114 845 ²0
126 821 138 848 ε
152 800 169 866 ἡ
182 795 214 864 σή
230 797 273 851 νῦν
285 791 389 872 φιλότης
398 792 442 850 καὶ
455 797 500 850 τοῦ
514 791 647 872 χαρίεντος
656 790 734 850 σἰίτεω

127 911 141 936 α
154 878 272 940 πᾶσιδιίτ
285 879 429 956 στόματος,
446 877 513 955 μετθι
528 882 551 937 δ’
566 879 673 952 ἠιθέοισι
691 879 815 956 μάλιστα.
830 905 841 930 ι

125 972 185 1028 ἀλλ’
195 969 253 1042 ήτοι
263 967 362 1027 τούτων
370 967 417 1045 μέν
425 966 559 1047 ὑπέρτεροι
572 967 725 1048 οὐρανίωνες

126 1057 225 1116 έσσονθ
238 1060 273 1122 ὡς
284 1054 405 1114 ίθίλοντι·
421 1053 472 1132 ἐγὼ
484 1053 511 1113 δί
524 1053 608 1114 ciriae
620 1056 700 1114 καλὸν
711 1055 801 1114 αἰνέων

125 1145 222 1224 ψεύδεα
236 1141 303 1224 ρινδς
314 1141 421 1224 ὕπερθεν
431 1145 522 1224 ἀραιᾶς
536 1145 583 1202 οὐκ
594 1143 729 1226 ἀναφθσω.

77 1247 111 1286 as
126 1232 159 1302 ἢν
170 1231 221 1313 γδρ
235 1231 280 1290 καί
290 1254 315 1289 τι
325 1231 424 1310 δόκῃς,
435 1231 465 1288 τὸ
477 1229 525 1307 μίν
537 1231 651 1298 ἀόλαόὲς
663 1231 736 1297 εὐθὺς
746 1230 848 1304 ἔθηκας,

126 1319 292 1380 διπλόσιονδ
300 1317 418 1392 ὤνασας,
430 1318 497 1398 ἔχων
512 1319 534 1377 δ’
546 1319 683 1401 ἐπίμετρον
696 1323 820 1392 ἀπῆνθεν.

166 1411 273 1468 Νισαῖοι
282 1407 601 1487 Μεγαρῆεςοῖριστεόοντες
615 1409 745 1488 ἐρετμοῖς,

127 1495 210 1556 δλόιοι
221 1494 354 1567 οίκείοιτε,
368 1493 411 1553 τὸν
421 1494 535 1554 Ἀττικὸν
548 1497 583 1560 ὡς
591 1494 720 1576 περίαλλα

127 1581 207 1648 ξεῖνον
215 1581 373 1659 ἐτιμήσασθε
387 1580 498 1640 Διοκλέα
511 1581 556 1640 τὸν
570 1581 694 1662 φιλόπαιδ
715 1627 721 1641 .

81 1691 114 1730 ao
127 1671 178 1728 αίεί
193 1673 216 1729 οί
228 1670 288 1750 περὶ
298 1669 397 1747 τύμόον
409 1668 513 1736 ἀολλέες
529 1668 597 1750 ιίαρι
609 1668 701 1750 πρότιρ

126 1756 394 1838 κοῖροιέριδμαίνοντι
406 1756 551 1837 φιλήματος
563 1756 632 1837 ἄκρα
640 1757 770 1838 φέρεσθαι.

128 1845 192 1912 δςδέ
201 1869 230 1904 κε
239 1844 371 1926 προςμόξῃ
386 1843 566 1925 γλυκερώτερα
575 1845 676 1924 χείλεσι
690 1844 782 1924 χείλη,

128 1931 276 2012 βριθόμενος
289 1931 451 2014 στεφάνοισιν
464 1931 508 1991 iti
522 1935 546 2000 ἐς
556 1932 647 2014 μητέρ’
661 1936 783 2002 ἀπῆνθεν.

126 2019 300 2095 όλόιος,δςτκ
306 2019 382 2078 παισὶ
391 2018 527 2100 φιλήματα
542 2023 614 2077 κεῖνα
626 2021 722 2100 διαιτᾷ.

81 2133 112 2172 as
126 2101 256 2180 ήπουτδν
271 2107 387 2188 χαροπόν
400 2107 557 2184 Γανυμήδεα
571 2107 646 2166 πολλ’
657 2107 775 2190 ἐπιόωτᾷ

126 2195 209 2274 Λυδίῃ
219 2185 278 2254 ’ίσον
291 2195 361 2275 ἔχειν
372 2193 454 2275 πέτρῃ
467 2194 568 2272 στόμα,
582 2195 679 2274 χρυσὸν
688 2195 764 2274 δποίῃ

126 2282 264 2344 πεόθονται
279 2283 316 2361 μή
331 2285 428 2364 φαῦλος
440 2281 570 2360 ἐτήτυμον
583 2282 780 2364 ἀργυραμοιόοί.

431 2443 590 2469 *OC-

434 2577 583 2656 ΥΛΑΣ.

390 2754 560 2801 eleimon
580 2747 630 2802 11⁴.

128 2885 189 2963 Οὒχ
202 2883 264 2960 ἁμῖν
279 2881 322 2941 τὸν
335 2879 442 2962 Ἔρωτα
453 2881 538 2959 μόναις
551 2880 631 2962 ἔτεχ’,
644 2884 679 2950 ὡς
693 2884 842 2962 ἔδοκεῦμες,

125 2971 220 3042 Νικία,
232 2961 254 3052 ᾧ
268 2994 317 3030 τινι
329 2976 405 3030 τοῦτο
416 2974 479 3029 θεῶν
489 2994 558 3029 ποκα
570 2969 658 3030 τέκνον
669 2971 755 3051 ἔγεντο
765 2991 772 3006 ·

124 3062 175 3140 οθχ
185 3059 249 3136 ἇμῖν
260 3057 293 3117 τίτ
307 3057 377 3117 καλδι
384 3058 493 3138 πράτοις
504 3057 574 3118 καλδι
583 3059 702 3142 φαίνεται
716 3053 791 3139 ήμεν,

124 3146 150 3205 οἳ
163 3147 250 3206 θνατοί
261 3146 424 3221 πελόμεσθα,
436 3145 465 3204 τό
479 3148 502 3205 δ’
518 3144 604 3227 αὔριον
617 3149 665 3206 σιἰκ
684 3149 822 3228 ἐςορῶμες·

97 3257 112 3296 ι
125 3233 193 3294 aiibi
207 3235 251 3293 arni
261 3233 481 3314 Ὦμφιτρόωνοςδ
492 3235 691 3315 χαλκιοκόρδιος
703 3235 755 3303 υἱός
762 3281 770 3310 ,

125 3322 206 3389 δςτδν
216 3323 259 3381 λῖν
270 3321 392 3398 ὑπέμεινε
401 3322 446 3380 τδν
461 3321 559 3400 ἄγριον,
569 3321 652 3400 ήρατο
663 3321 767 3395 παιδός,
789 3319 790 3324 ’

124 3413 161 3469 τῶ
174 3409 309 3492 χαρίεντος
319 3407 406 3480 Ὕλα,
419 3412 457 3467 eii
470 3407 518 3467 τδιν
526 3411 678 3486 πλοκαμῖδα
692 3416 840 3490 φορεῖιντος,

123 3496 169 3557 καί
183 3521 220 3556 νιν
231 3495 308 3556 πέντ’
323 3495 438 3573 ἐδίδαξε,
454 3494 542 3575 πατὴρ
553 3495 611 3562 ὡςελ
626 3496 699 3576 φίλον
711 3489 772 3572 υἷα,

124 3583 191 3644 ὅσσα
202 3582 292 3661 μαθόιν
307 3583 401 3663 ἀγαθὸς
417 3583 462 3643 καί
476 3584 592 3660 ἀοίδιμος
603 3583 678 3651 αὐτὸς
689 3583 789 3664 ἔγεντο·

86 3701 112 3740 ιε
124 3673 233 3752 χωρλςδ
247 3671 366 3732 οθδέποκ’
384 3664 427 3744 ής,
437 3671 489 3730 οὔτ’
504 3675 526 3732 εί
540 3671 619 3748 μέσον
633 3662 705 3752 ἆμαρ
717 3673 815 3753 όροιτο,

123 3761 176 3821 οὔθ’
189 3759 265 3839 δπόχ’
280 3760 297 3818 ἃ
307 3760 450 3827 λεύκιππος
461 3751 601 3840 ἀνατρέχοι
613 3763 638 3828 ές
648 3759 707 3828 Διὸς
715 3760 793 3835 Ἀώς,

124 3847 178 3907 οὗθ’
189 3847 264 3908 δπόκ’
276 3849 411 3929 δρτοίλιχοι
421 3848 522 3928 μινυρολ
534 3848 595 3907 ποτλ
609 3849 693 3908 κοῖτον
704 3853 797 3931 δρῷεν,

125 3934 373 4017 σεισαμέναςπτερδ
388 3936 486 4016 ματρὸς
498 3937 540 3994 ἐπ’
556 3937 702 3995 αἰθαλόεντι
715 3937 845 4020 πετεόριρ,

124 4027 159 4090 ὡς
168 4025 239 4105 αὐτῷ
253 4023 322 4083 κατὰ
334 4023 416 4101 θυμόν
427 4027 512 4090 δπαῖς
522 4023 699 4102 πεποναμένος
713 4025 768 4098 εἴη,

85 4137 110 4175 rs
123 4114 195 4194 αὐτῷ
207 4113 229 4171 δ’
242 4104 271 4172 εδ
281 4111 363 4172 ίλκων
374 4115 399 4179 ές
408 4111 527 4171 ἀλαθινδν
541 4111 611 4192 ἄνδρ’
621 4113 746 4185 imbute.

124 4200 182 4258 ἀλλ’
195 4199 238 4258 ὅτε
249 4201 279 4260 τό
287 4200 408 4282 χρύσειον
420 4198 494 4258 ίπλει
507 4199 573 4277 μετθ
585 4204 655 4267 κῶας
668 4199 764 4272 ’ίήσων

124 4286 275 4362 Αίσονίδας,
286 4291 309 4348 σί
324 4289 345 4348 δ’
361 4291 430 4368 αὐτῷ
445 4290 566 4368 ἀριστῆες
577 4289 731 4366 συνέποντο,

122 4385 211 4436 πασᾶν
226 4379 256 4436 tx
268 4375 365 4434 πολίων
374 4375 588 4459 προλελεγμένοι,
603 4367 638 4435 ὧν
653 4377 744 4458 ὄφελός
758 4403 800 4456 τι,

122 4463 193 4524 ίκετο
201 4467 243 4545 χιὶι
256 4465 398 4545 ταλαεργὸς
410 4463 476 4544 ἀνήρ
490 4467 515 4532 ές
529 4464 632 4542 ἀφνειὸν
644 4465 752 4526 Ἰωλκόν

82 4569 111 4608 au
123 4552 271 4630 Ἀλκμήνας
283 4553 337 4619 υίὸς
350 4551 505 4619 Μιδεοίτιδος
519 4552 645 4632 ἡρωίνας,

123 4640 170 4700 σὺν
180 4643 202 4700 δ’
214 4643 286 4722 αὐτῷ
297 4639 449 4700 κατέόαινεν
459 4637 545 4706 Ὕλας
559 4639 661 4719 εὔεδρον
671 4641 695 4708 ές
705 4641 802 4721 Ἀργώ,

124 4729 180 4796 ότις
194 4731 315 4790 Κυανεᾶν
328 4731 378 4808 οὐχ
390 4727 476 4809 ἥψατο
489 4728 672 4809 συνδρομέδων
687 4734 764 4801 ναῦς,

123 4815 322 4888 θλλδδιεξόιξε,
339 4815 418 4895 βαθὺν
433 4817 456 4876 δ’
468 4817 599 4895 είςέδραμε
615 4819 715 4892 Φᾶσιν,

124 4905 207 4972 cited<
219 4904 254 4972 ὣς
264 4904 333 4982 μέγα
346 4905 462 4978 λαῖτμα·
477 4905 522 4984 ἀφ’
538 4894 559 4962 ὦ
573 4902 631 4962 τότε
642 4903 762 4984 χοιράδες
777 4903 860 4962 ἔσταν.

84 5017 112 5056 σε
124 4985 190 5070 Ipse<
201 4993 225 5051 δ’
237 4991 384 5052 ἅντέλλοντι
395 4992 545 5062 Πελειάδες,
561 4990 682 5070 ἐσχατιαὶ
696 4989 724 5049 δέ

124 5079 190 5160 ἄρνα
203 5077 260 5138 νίον
274 5079 409 5159 βόσκοντι,
423 5077 598 5160 τετραμμένω
614 5077 697 5159 είαρος
706 5078 773 5156 ήδη,

123 5175 205 5246 τθμος
214 5166 348 5234 ναυτιλίας
360 5167 521 5244 μιμνήσκετο
532 5170 597 5232 θεῖος
609 5165 690 5233 ἄωτος

124 5254 225 5338 ἡρώων,
235 5255 326 5316 κοίλαν
344 5255 371 5314 δέ
385 5254 595 5336 καθιδρυνθὲντες
608 5258 632 5322 ἐς
648 5253 731 5334 Ἀργώ

945 623 1106 686 immortales,
1121 625 1208 687 etpost
1219 622 1322 674 ducenta
1335 621 1535 686 seculadenique

946 711 1057 761 nundum
1072 711 1139 761 bunc
1155 711 1214 760 mibi
1231 711 1294 760 terat
1304 710 1390 774 aliquis
1405 710 1579 760 trremeabilem
1598 709 1630 760 ad
1643 711 1721 761 Ache-

946 801 1040 848 runtem
1052 797 1069 862 ε]
1086 817 1097 841 τ
1111 801 1168 848 tuus
1176 811 1241 848 nunc
1249 811 1318 847 amor
1330 799 1355 847 et
1364 797 1458 848 venusti
1471 798 1555 848 amasii

947 903 959 926 ι
970 885 1082 935 omnibus
1094 889 1132 935 est
1144 885 1169 934 In
1178 899 1232 948 cre,
1242 887 1267 935 et
1279 885 1384 935 maxime
1396 885 1533 947 iuvenibus.
1549 906 1562 931 ε

946 987 1030 1024 rerum
1041 973 1126 1023 barum
1138 986 1219 1023 rerum
1230 973 1321 1022 demini
1331 973 1448 1028 caelicolas,

945 1065 1017 1112 eruunt
1028 1061 1098 1112 stcuti
1106 1061 1188 1111 rotent
1196 1077 1204 1123 ;
1213 1075 1256 1124 ego
1265 1063 1346 1110 autem
1359 1063 1385 1110 te
1397 1063 1529 1112 formosum
1541 1063 1720 1118 laudibusceIe·

947 1149 1698 1216 brem]mendaciicignasupermsumtenerumnenproteram.
1794 1177 1800 1198 ε

946 1237 1053 1288 nametsi
1066 1237 1176 1300 aliquain
1186 1250 1256 1288 reme
1268 1237 1366 1299 laeseris,
1375 1237 1434 1287 iilud
1443 1237 1568 1288 tnnexinm
1573 1241 1653 1291 statim
1658 1241 1723 1308 [red-

947 1327 1045 1392 didisti,]
1055 1331 1079 1379 et
1088 1329 1285 1393 duplujuvisti,et
1293 1342 1352 1378 cum
1360 1328 1609 1380 incrementocmcrir
1617 1331 1720 1385 duram.

975 1417 1046 1468 uisci
1060 1421 1219 1481 Megarenses,
1233 1417 1275 1481 qui
1285 1419 1337 1467 arte
1345 1416 1476 1479 remigandi
1485 1417 1616 1482 praestatis,

947 1504 1026 1555 felices
1033 1505 1158 1567 habitetis,
1167 1504 1236 1554 iilum
1246 1505 1353 1555 Atticum
1362 1503 1428 1567 qucd
1437 1504 1525 1554 erirnie

946 1591 1063 1654 hospitem
1074 1591 1273 1642 bonoreernustia
1286 1591 1392 1641 Di0clem
1406 1605 1537 1655 puerorum
1550 1596 1689 1646 amatorem.

945 1691 1039 1741 semper
1049 1678 1112 1728 rr'rca
1120 1679 1185 1730 illius
1196 1679 1319 1729 tumulum
1328 1679 1463 1740 congregati
1470 1690 1527 1730 uere
1538 1680 1615 1742 prime

947 1766 1013 1828 pueri
1022 1767 1115 1816 certant
1122 1767 1197 1816 osculi
1205 1766 1304 1830 praemia
1316 1767 1445 1828 reportare.

947 1853 988 1916 qui
995 1856 1076 1903 autern
1088 1854 1230 1918 applicuerit
1237 1853 1332 1905 dulcius
1344 1852 1417 1904 labris
1427 1854 1507 1916 inbre,

946 1943 1059 1992 oneratus
1068 1943 1161 1991 coronis
1174 1955 1242 1991 suam
1255 1943 1287 1992 ed
1299 1946 1401 1993 mabem
1410 1942 1546 2002 revertitur.

946 2029 1031 2078 beatus
1043 2029 1096 2093 ilie,
1109 2031 1151 2092 qui
1160 2029 1240 2091 pueris
1250 2029 1280 2079 dc
1295 2030 1382 2080 uscuIIs
1393 2030 1441 2080 iliis
1452 2029 1541 2080 arbiter
1554 2033 1598 2082 est.

947 2129 1018 2178 sane,
1032 2117 1125 2180 opiner,
1139 2117 1236 2166 cresium
1249 2115 1412 2179 Ganymedem
1424 2119 1528 2167 muttum
1541 2118 1651 2182 insecat,

947 2206 976 2255 ut
985 2203 1058 2267 Lydio
1069 2203 1141 2267 iapidi
1151 2217 1194 2267 par
1202 2203 1337 2263 osbabeat,
1347 2217 1396 2266 quc
1405 2204 1493 2266 lupide
1502 2218 1588 2256 aurum
1594 2243 1602 2269 ,

947 2305 1006 2342 num
1018 2292 1130 2342 uitiatum
1139 2293 1183 2355 sit,
1197 2305 1254 2342 vere
1263 2292 1388 2355 explorant
1396 2293 1532 2356 argentarii.

1257 2437 1417 2466 ψ

1238 2577 1431 2664 HYLAS.

1200 2750 1376 2807 remmon
1394 2751 1472 2807 κιιι.

948 2905 1001 2953 iton
1009 2899 1078 2951 nobis
1086 2898 1143 2949 sciis
1152 2902 1265 2950 Arnurem
1274 2897 1379 2961 peperit,
1393 2899 1421 2948 ut
1431 2896 1616 2959 arbitrabamur,

947 2988 1026 3050 Nicia,
1039 2987 1175 3050 cuicunque
1184 2985 1283 3037 taudem
1292 2985 1393 3036 deorum
1403 2985 1442 3035 bIc
1452 2998 1512 3048 puer
1520 2987 1592 3036 natm
1601 2987 1637 3035 est
1646 3001 1653 3045 ;

947 3090 995 3127 non
1003 3075 1072 3126 nubis
1079 3075 1163 3138 pulcra
1173 3073 1258 3138 primis
1272 3073 1357 3138 pulcra
1363 3072 1477 3124 videntur
1485 3085 1551 3136 esee,

947 3165 989 3228 qui
998 3164 1110 3214 mortales
1118 3176 1203 3214 sumus
1218 3164 1243 3212 et
1257 3160 1389 3212 marinum
1400 3173 1449 3211 non
1459 3159 1584 3224 πείσαντες

947 3251 988 3303 sed
1000 3251 1072 3302 etiam
1081 3249 1259 3314 Amphitryonis
1272 3249 1333 3299 enci
1345 3247 1448 3312 pecteris
1458 3247 1536 3311 filins,

947 3340 989 3403 qui
998 3352 1089 3389 sacrum
1100 3339 1194 3388 leonem
1206 3336 1333 3399 eustiunb,
1345 3337 1436 3386 amerit
1448 3347 1566 3399 puerum,

947 3429 1079 3477 formosum
1088 3425 1179 3488 Hylan,
1191 3423 1288 3488 capillos
1300 3424 1326 3473 in
1338 3422 1476 3473 cmdrmnm
1484 3423 1708 3486 nexcsgoetantem,

947 3515 1036 3565 eteum
1044 3513 1126 3565 emnia
1137 3512 1247 3575 edocuit,
1260 3511 1325 3562 sicut
1335 3513 1404 3575 puter
1417 3523 1501 3561 carum
1510 3509 1601 3573 dlinm,

946 3601 1035 3665 quibus
1042 3599 1160 3664 perceptb
1170 3602 1212 3650 uir
1223 3598 1303 3650 benus
1314 3601 1340 3650 et
1351 3597 1451 3650 celebris
1458 3598 1510 3662 Ipse
1518 3597 1618 3648 eftectus
1626 3601 1690 3661 erat;

947 3702 1080 3753 numquam
1089 3688 1120 3739 ab
1128 3701 1157 3738 eo
1168 3687 1315 3751 discedebat,
1327 3699 1406 3751 neque
1414 3687 1434 3736 si
1442 3685 1536 3738 medius
1546 3685 1597 3737 dies
1607 3691 1722 3752 urgeret,

947 3791 1072 3842 necquum
1082 3777 1143 3828 albis
1151 3775 1271 3840 quadrigis
1276 3779 1370 3828 Aurora
1378 3775 1403 3825 in
1411 3775 1479 3827 iuris
1484 3775 1550 3827 edes
1559 3774 1721 3840 adscenderet,

946 3879 991 3917 nec
1000 3879 1076 3930 quum
1085 3865 1144 3928 pulli
1155 3865 1236 3914 avium
1247 3864 1363 3929 pipientes
1371 3863 1403 3914 ad
1410 3863 1495 3914 nidum
1505 3862 1661 3928 respicerent,

947 3954 1069 4017 quatiente
1077 3953 1127 4002 alas
1141 3954 1218 4002 matre
1225 3951 1251 4002 in
1263 3951 1388 4015 fuliginosa
1397 3951 1478 4013 trabe,

947 4045 975 4093 ut
983 4041 1028 4092 sibi
1037 4054 1067 4091 ex
1076 4041 1193 4090 sententia
1201 4053 1261 4103 puer
1271 4039 1407 4090 elaboratus
1416 4041 1492 4100 esset,

946 4128 1039 4192 sibique
1048 4129 1214 4179 rectetrabcns
1222 4125 1470 4192 (parisertitudtce)
1478 4125 1517 4176 vir
1524 4137 1596 4176 rarius
1602 4124 1721 4176 eraderet

946 4217 987 4267 sed
999 4229 1075 4279 quum
1084 4215 1116 4265 ad
1124 4228 1225 4266 aureum
1236 4215 1314 4266 neilus
1326 4213 1455 4277 petendum
1468 4213 1591 4276 navigaret
1600 4215 1669 4263 lason

946 4303 1078 4365 AEscnides,
1088 4303 1214 4367 ipsumque
1220 4301 1387 4365 principesviri
1393 4303 1558 4364 sequerentur,

946 4392 1058 4442 omnibus
1066 4403 1097 4441 ex
1107 4390 1207 4441 urbibus
1215 4389 1346 4440 secundum
1356 4388 1465 4438 ordInem
1476 4388 1545 4438 eiecti
1555 4427 1562 4452 ,
1572 4388 1614 4452 qui
1629 4389 1720 4438 virtute

946 4476 1107 4545 prestarent]
1118 4479 1184 4530 uenit
1192 4479 1265 4529 edam
1273 4477 1383 4529 laborum
1392 4475 1484 4538 patiens
1491 4475 1529 4525 rb
1538 4473 1562 4524 in
1571 4474 1670 4525 disiIern
1679 4476 1724 4526 iet·

946 4568 1012 4632 cum]
1021 4568 1141 4618 uernum
1149 4565 1214 4618 filius
1225 4564 1358 4617 Mideatidis
1369 4562 1487 4623 heretum

947 4669 1004 4706 cum
1016 4669 1094 4719 eoque
1103 4653 1241 4705 conscendit
1250 4653 1324 4716 Hyles
1335 4652 1430 4702 findam
1438 4655 1515 4713 Argo,

946 4757 1001 4808 quae
1010 4743 1079 4793 naris
1091 4745 1198 4805 cycneas
1210 4741 1378 4791 concurrentes
1389 4751 1437 4788 nen
1448 4737 1539 4800 attIgIt,

946 4831 988 4883 sed
997 4831 1118 4895 perrupit,
1128 4833 1154 4881 et
1164 4829 1188 4879 in
1197 4826 1344 4893 prebrndum
1351 4828 1456 4890 ingresse
1464 4825 1610 4888 emphasin,

947 4921 1071 4980 tamquam
1086 4914 1166 4978 aquila
1174 4927 1223 4978 per
1238 4925 1336 4975 magnios
1354 4913 1454 4974 ductum
1468 4927 1500 4962 ex
1514 4925 1563 4976 quo
1574 4915 1627 4963 tum
1647 4915 1722 4976 petrrc

946 5003 1090 5068 constitere]
1102 5017 1179 5066 quum
1192 5003 1273 5052 autem
1282 4999 1388 5051 Pleiades
1397 5000 1517 5063 criuntur,
1527 5004 1552 5050 et
1560 5002 1661 5052 extremi
1674 5001 1723 5064 agri

947 5107 1020 5157 agnos
1031 5091 1172 5155 juvenculos
1185 5090 1300 5153 pescant,
1314 5089 1424 5138 vertente
1432 5088 1484 5151 iam
1494 5101 1564 5152 vere,

946 5185 1000 5233 tum
1011 5177 1167 5242 navigationis
1179 5176 1321 5227 memiuerut
1329 5175 1426 5226 divinus
1434 5175 1478 5226 ties

947 5269 1058 5331 bereum,
1069 5277 1177 5328 cavaque
1189 5265 1215 5313 in
1229 5269 1291 5326 Argo
1303 5263 1413 5312 collocati
