4022 6084
769 445 983 505 PRAEFATIO.

142 580 235 629 τοῖσιδ’
247 579 292 644 ἄρα
304 579 427 641 στυγεροὺς
435 579 518 628 Ποιναὶ
527 576 639 639 pallanta
647 576 769 638 ὑμεναίους

142 651 263 714 remearat,
278 650 393 712 χείρεσσιν
406 649 552 711 ἀναψάμενοι
560 648 613 708 πυρὶ
625 647 726 701 πεύκας·

143 719 244 782 μητράσι
253 719 298 782 γὰρ
307 720 427 782 σφετέραις
437 717 570 780 φιλοτήσιον
581 717 604 772 ἐς
614 717 681 778 λέχος
691 715 768 774 ἣλιον.

79 841 139 910 Qui
167 840 379 918 comparaverit
412 839 527 896 solitam
554 851 646 916 poetae
667 838 866 915 jejunitatem,

79 929 168 986 etiam
176 929 206 987 in
215 932 317 988 ceteris
323 927 425 987 incesti
436 926 592 1002 generibus
600 941 741 984 servatam
752 915 791 1002 (ι’.
803 927 867 1002 159,

82 1038 156 1090 170,
181 1027 234 1089 ιιι.
258 1037 315 1094 sq.,
335 1017 406 1092 196,
430 1018 520 1091 nol),
543 1016 575 1073 in
592 1035 655 1072 eam
672 1015 867 1092 conjecturam

81 1106 167 1164 facile
181 1106 333 1181 inciderit,
353 1104 500 1178 singulare
519 1103 641 1178 aliquod
661 1104 778 1161 illorum
795 1116 868 1160 teni-

81 1214 188 1271 ponrm
210 1194 321 1252 facinus
336 1191 473 1270 pluribus
491 1192 589 1250 verbis
606 1212 622 1249 a
636 1205 721 1270 poeta
735 1191 869 1248 celebra-

84 1293 145 1338 tum
164 1299 237 1339 esse.
254 1280 302 1351 Et,
321 1299 388 1338 ecee
405 1280 556 1338 commode
575 1299 606 1337 se
626 1279 712 1337 ollert
728 1281 870 1336 Caracalli

79 1369 241 1443 flagitium,
259 1368 328 1445 qui,
349 1379 382 1425 ut
399 1367 497 1425 verbis
518 1381 582 1424 utar
597 1367 662 1425 AElii
678 1367 824 1445 Spartiaui
838 1367 871 1424 in

79 1461 182 1514 Severo
198 1477 225 1518 c.
252 1478 306 1526 ιι,
330 1481 341 1506 ι
357 1475 530 1526 novercam,
548 1471 664 1512 matrem
679 1463 744 1530 quin
768 1463 867 1523 intuto,

80 1545 113 1602 in
121 1543 205 1623 cujus
217 1545 284 1604 sinu
294 1543 396 1602 Getam
405 1545 497 1602 lilium
509 1542 572 1620 ejus
582 1544 737 1615 occiderat,
750 1564 869 1601 uxorem

78 1633 174 1691 duxit.
193 1660 205 1684 ›-
222 1633 317 1702 Quam
332 1652 392 1690 rem
406 1644 539 1690 accurate
549 1632 626 1688 idem
637 1645 753 1690 enarrat
767 1633 797 1690 in
807 1633 872 1690 Vita

80 1721 176 1799 ipsius
191 1724 337 1779 Caracalli
350 1742 376 1778 c.
398 1743 432 1778 ιο
449 1743 456 1778 :
478 1747 489 1770 ι
503 1723 628 1779 Interest
637 1721 724 1790 scire,
739 1722 872 1796 quemad·

83 1835 98 1862 a
117 1809 236 1866 modum
247 1827 402 1867 novercam
410 1828 489 1866 suam
502 1806 611 1865 Juliam
623 1828 743 1865 uxorem
757 1809 872 1867 duxisse

83 1925 97 1946 a
115 1896 241 1955 dicatur.
255 1895 326 1966 Quae
338 1915 428 1973 quum
441 1909 514 1954 esset
525 1895 738 1973 pulcherrima,
750 1911 776 1952 et
790 1897 872 1973 quasi

83 2011 97 2036 ι
114 2005 169 2060 per
180 1985 385 2061 negligentiam
400 2004 430 2042 se
441 1985 567 2042 maxima
578 1985 711 2061 corporis
722 1999 803 2061 parte
816 2006 871 2042 nu·

83 2099 98 2124 a
116 2072 222 2144 dasset,
238 2073 418 2149 dixissetque
433 2071 612 2142 Antoninus,
625 2070 749 2142 Vellem,
763 2073 786 2130 si
802 2073 870 2130 lice·

84 2187 97 2212 a
116 2173 180 2230 ret3
196 2159 383 2238 respondisse
399 2159 510 2218 fertur:
525 2159 556 2217 Si
569 2158 656 2230 libet,
669 2159 745 2217 licet.
767 2161 813 2218 An
828 2180 874 2218 ne·

85 2275 99 2300 a
118 2249 176 2306 scis
196 2261 224 2306 te
237 2249 441 2326 imperatorem
464 2265 540 2318 esse,
560 2258 589 2304 et
606 2247 685 2322 leges
703 2248 788 2318 dare,
814 2269 873 2307 non

85 2363 100 2388 «ι
118 2337 270 2414 accipere?
285 2335 350 2404 Ouo
363 2333 472 2404 audito,
479 2332 731 2406 fworincoaditas
749 2335 785 2392 ad
804 2336 847 2393 eff
865 2369 871 2379 ·

84 2451 99 2476 a
118 2435 196 2480 ctum
218 2423 353 2480 criminis
367 2421 522 2480 roboratus
545 2433 604 2490 est,
626 2426 801 2500 nuptiasque
826 2443 874 2482 eas

87 2539 100 2563 ι
119 2511 299 2582 celebravit,
315 2529 405 2588 quas,
424 2511 450 2568 si
467 2511 556 2568 sciret
571 2529 602 2568 se
613 2509 690 2586 leges
705 2511 788 2584 dare,
805 2531 875 2570 vere

86 2627 101 2652 ι
119 2600 199 2657 solus
216 2598 375 2678 prohibere
395 2597 553 2657 debuisset.
568 2601 692 2654 Matrem
705 2599 782 2657 enim
800 2601 875 2676 (non

84 2717 99 2740 a
118 2692 179 2746 alio
187 2691 309 2744 dicenda
317 2701 381 2744 erat
390 2688 519 2764 nomine)
529 2689 749 2759 duxituxorem3
759 2689 795 2747 ad
808 2709 873 2767 par·

86 2805 100 2828 a
120 2775 259 2834 ricidium
266 2775 369 2853 junxit
381 2783 529 2842 incestam·
545 2774 688 2851 siquidem
699 2796 762 2834 eam
776 2778 875 2836 matri·

85 2895 98 2918 a
120 2866 224 2924 monio
233 2865 372 2936 sociavit,
384 2863 469 2941 cujus
483 2864 574 2921 filium
586 2883 680 2941 nuper
688 2862 844 2921 occiderat.
859 2887 871 2913 ι

80 2952 172 3010 Vides
189 2952 365 3011 luculentius
387 2953 462 3010 illud
482 2951 622 3027 flagitium
637 2951 734 3009 notari
748 2971 806 3009 non
823 2971 874 3028 po-

83 3043 197 3100 tuisse:
211 3061 297 3118 quam
309 3054 421 3112 notam,
438 3039 554 3117 quibos
569 3041 727 3117 scriptores
743 3040 876 3097 Historiae

83 3133 224 3204 Augusta
245 3115 378 3200 noverit'‚
403 3148 440 3185 ex
454 3129 527 3206 ipsis
549 3128 703 3202 aequalium
726 3141 876 3185 auctorum

82 3216 309 3273 commentariis
318 3215 449 3274 haustam
468 3235 531 3272 esse
549 3215 623 3273 nihil
638 3215 831 3285 dubitaverit,
845 3226 876 3271 ut

82 3305 248 3362 clarissime
261 3305 330 3360 inde
340 3317 492 3381 appareat,
510 3323 595 3380 quam
614 3303 778 3360 communis
794 3303 877 3361 fuerit

83 3407 112 3450 et
129 3391 270 3450 diuturna
284 3392 436 3449 bominum
453 3391 489 3449 de
506 3392 568 3449 istis
585 3391 696 3468 nuptiis
707 3391 878 3468 OEdipodio-

84 3483 147 3539 niis
164 3481 340 3556 indignatio.
362 3479 520 3537 Corollarii
538 3480 602 3538 loco
626 3479 716 3537 affero
731 3493 877 3558 postremo

85 3571 271 3642 Heliogabali
284 3567 444 3637 insaniam,
457 3571 523 3643 qui,
538 3579 609 3624 teste
621 3566 770 3644 Lainprid.
783 3587 808 3627 c.
827 3589 875 3640 at,

88 3685 99 3708 ι
117 3657 221 3716 leones
232 3669 260 3713 et
271 3656 426 3734 leopardos
438 3670 600 3713 exarmatos
615 3657 647 3714 in
662 3656 775 3713 deliciis
789 3655 878 3713 habe·

88 3773 99 3796 «
123 3745 186 3816 bat,
196 3765 268 3823 quos
276 3744 392 3803 edoctis
404 3764 456 3822 per
467 3751 668 3802 mansuetarios
682 3746 779 3803 subito
789 3745 824 3802 ad
838 3765 879 3802 so-

88 3863 100 3886 ι
119 3833 247 3892 bundam
264 3848 294 3891 et
307 3833 419 3891 tertiam
442 3853 569 3891 mensam
588 3832 713 3911 jubebat
732 3833 879 3890 accumbe·

87 3949 99 3972 a
118 3941 169 3992 re;
187 3922 433 4000 »elephantorum
454 3923 541 3979 etiam
561 3935 589 3980 et
608 3921 786 3979 camelorum
810 3943 878 3998 qua

84 4011 184 4086 drigis
195 4009 352 4068 delectatus
364 4011 373 4087 (
383 4010 420 4068 cl.
430 4032 457 4067 c.
472 4012 507 4067 23
520 4007 539 4088 ).

129 4099 173 4156 Ex
196 4099 242 4157 bis
255 4098 358 4174 igitur,
372 4118 438 4174 quae
459 4098 609 4176 hucusque
630 4101 776 4177 disputata
794 4111 877 4168 sunt,

86 4209 144 4266 pro
167 4199 246 4245 certo
267 4199 339 4264 puto
360 4186 561 4244 affirmandum
583 4187 744 4245 essehoc:
765 4200 877 4264 poetam

86 4295 187 4355 neque
196 4287 262 4333 ante
270 4282 427 4332 Antoninos
440 4295 534 4350 neque
544 4287 610 4350 post
623 4279 820 4332 Alexandrum
829 4279 879 4330 Sr-

88 4385 184 4422 teram
204 4362 329 4433 vixisse,
353 4363 423 4421 satis
440 4362 632 4440 probabiliter
650 4383 720 4421 vero
743 4362 878 4420 concludi

87 4473 194 4530 posse:
209 4471 274 4510 eum
286 4452 352 4529 ipso
362 4455 530 4509 Alexandro
539 4455 638 4510 Severo
651 4453 810 4530 imperante
820 4472 880 4508 car·

88 4560 254 4600 mensuum
265 4538 408 4612 edidisse,
422 4560 508 4618 quem
524 4540 561 4598 ab
578 4561 655 4598 anno
672 4561 727 4597 aaa
742 4541 879 4616 usquead

88 4649 201 4688 annum
218 4628 274 4684 2³5
285 4647 417 4703 regnasse
429 4641 550 4688 constat.

132 4718 210 4776 Huic
226 4716 401 4794 conjecturae
417 4718 527 4796 optime
541 4720 698 4776 convenire
712 4731 804 4796 poetae
820 4738 879 4775 ser·

90 4827 209 4866 monem
230 4818 316 4882 atque
329 4825 467 4865 versuum
487 4805 729 4864 modulandorutn
747 4808 880 4883 proprie-

24 4889 25 4916 ³
90 4911 181 4954 tatem
196 4913 256 4952 non
271 4913 344 4969 opus
358 4907 402 4953 est
412 4908 445 4954 ut
457 4895 557 4953 multis
568 4894 719 4973 probetur.
732 4894 790 4950 Nec
803 4895 878 4951 enim

90 5003 260 5062 quenquam
285 4985 457 5042 exstiturum
479 4988 597 5061 opinor,
622 4983 673 5060 qui
697 4982 766 5039 hinc
785 4984 881 5061 petitis

26 5095 28 5112 ι
90 5071 274 5148 argumentis
289 5071 367 5128 illam
381 5071 575 5148 conjecturam
590 5071 761 5128 labefactare
772 5085 820 5128 aut
835 5093 868 5127 cn

91 5171 237 5218 neturaut
247 5159 350 5218 valeat.
359 5159 469 5218 'famen
480 5160 567 5238 hujus
579 5159 771 5236 quoqueloci,
780 5162 828 5234 qni
840 5173 881 5214 cst

91 5249 128 5306 de
138 5249 270 5306 dictione
282 5261 404 5308 etversu
414 5263 516 5326 poetae,
528 5269 621 5326 pauca
631 5247 787 5306 delibanda
797 5261 879 5319 siun,

218 5362 318 5400 tultus.

1632 465 1699 506 XVll

915 597 979 652 quae
992 576 1116 632 maxime
1131 575 1277 653 pertinent
1295 574 1330 632 ad
1345 576 1600 634 demonstrandam
1615 577 1700 634 etiam

914 665 958 722 his
969 664 1094 722 inrebus
1102 665 1191 721 trium
1199 663 1342 722 libroruin
1351 664 1701 725 similitudinemobser·

915 765 1057 810 vaverunt
1067 753 1197 828 quaedam
1208 752 1364 810 novissimi
1374 753 1502 810 editores
1515 753 1547 810 in
1558 775 1703 813 commen·

914 842 1021 897 tatione
1046 841 1197 917 praenussa
1220 860 1245 898 c.
1270 839 1319 912 lv,
1335 860 1555 918 p.xx111-xxx1,
1581 843 1632 900 sed
1649 842 1702 920 ita,

914 940 945 984 ut
958 947 1051 1004 neque
1062 947 1119 1002 qua
1130 927 1243 985 ratione
1255 928 1371 1004 singula
1379 929 1523 1004 elegerint
1534 931 1604 988 satis
1615 951 1704 1010 appa-

915 1029 987 1086 reat,
1001 1029 1029 1072 et
1043 1017 1208 1092 promiscue
1223 1035 1324 1074 omnes
1336 1036 1387 1074 sex
1399 1016 1495 1075 libros
1504 1030 1702 1092 pertractave-

915 1107 982 1164 rint.

955 1191 1032 1249 Usus
1060 1204 1103 1250 est
1132 1193 1256 1250 omnino
1279 1205 1365 1269 poeta
1397 1214 1531 1252 sermone
1559 1195 1703 1273 simplici,

915 1279 1005 1350 sicco,
1022 1299 1058 1336 ne
1070 1279 1164 1337 dicam
1175 1279 1295 1356 jejuno,
1309 1281 1350 1338 ita
1360 1294 1403 1350 ut,
1413 1301 1478 1357 quae
1493 1282 1590 1354 vellet,
1603 1285 1705 1357 paucis

915 1363 1011 1441 iisque
1032 1387 1093 1424 rem
1115 1368 1192 1426 nude
1214 1368 1449 1444 significantibus
1472 1367 1624 1426 vocabulis
1643 1369 1705 1446 ple-

916 1473 1039 1530 rumque
1054 1457 1238 1534 expresserit.
1251 1456 1348 1514 Verba
1362 1460 1425 1532 ipsa
1443 1475 1575 1530 magnam
1593 1469 1705 1532 partem

916 1543 1006 1621 epicae
1026 1563 1147 1621 poeseos
1170 1545 1335 1603 communia
1357 1558 1440 1618 sunt,
1464 1544 1521 1601 alia
1532 1563 1569 1602 ex
1590 1546 1706 1621 vulgari

917 1649 1049 1689 sermone
1069 1647 1117 1690 aiu
1139 1653 1174 1690 cx
1194 1635 1265 1690 artis
1287 1634 1420 1691 terminis
1435 1624 1624 1710 deprompta,
1640 1655 1705 1708 quae

917 1733 984 1776 sunt
996 1722 1055 1776 fere
1069 1721 1229 1796 ejusmodi,
1246 1720 1363 1797 utquid
1377 1720 1415 1778 iis
1431 1721 1596 1790 denotetur,
1614 1723 1707 1799 epicis
1756 1763 1759 1772 .

918 1807 1068 1864 vocabulis
1081 1829 1140 1864 non
1156 1823 1211 1866 tam
1226 1808 1357 1866 breviter
1368 1822 1397 1866 et
1408 1810 1486 1866 nude
1497 1808 1557 1866 dici
1569 1811 1706 1886 potuerit.

918 1896 1061 1966 Omnino,
1083 1897 1137 1953 sia
1156 1909 1249 1954 metro
1270 1899 1335 1974 ipso
1357 1898 1526 1968 recesseris,
1540 1897 1707 1974 potiussin-

918 1983 1004 2058 gulis,
1017 2004 1081 2058 quae
1091 1985 1205 2058 poetica
1215 1998 1293 2058 sunt,
1304 1985 1463 2055 vocabulis,
1474 2005 1560 2060 quam
1571 1986 1708 2044 universo

919 2071 1061 2128 orationis
1075 2071 1173 2128 colore
1184 2092 1199 2129 a
1212 2092 1300 2149 prosa
1309 2072 1418 2130 differt.
1433 2072 1511 2144 Sola,
1527 2093 1586 2151 qua
1597 2076 1710 2152 conspi-

919 2179 990 2216 cuus
1004 2173 1058 2228 est,
1070 2159 1189 2217 ubertas
1202 2161 1232 2217 in
1245 2161 1451 2219 coacervandis
1462 2159 1611 2220 similibus
1621 2183 1708 2221 voca·

919 2243 997 2303 bulis
1009 2247 1184 2318 continetur,
1200 2268 1259 2324 quo
1275 2249 1399 2318 clarius,
1418 2247 1491 2324 quid
1506 2268 1622 2326 quaque
1636 2270 1708 2307 con·

920 2335 1080 2392 stellatione
1100 2335 1294 2410 significetur,
1314 2348 1461 2413 appareat.
1484 2336 1610 2395 Perraro
1630 2337 1710 2396 locos

919 2421 1045 2480 inseruit
1052 2423 1153 2500 aliquo
1164 2424 1278 2500 poetico
1288 2435 1393 2480 ornatu
1401 2423 1575 2494 instructos,
1585 2445 1709 2501 quoium

920 2509 1179 2569 luculentissimum
1188 2511 1224 2570 de
1235 2509 1383 2568 similibus
1393 2510 1494 2589 OEdipi
1502 2513 1612 2590 nuptiis
1623 2533 1711 2592 supra

920 2598 1073 2677 adscripsi.
1098 2599 1187 2657 Etiam
1208 2602 1240 2658 in
1262 2599 1422 2658 verborum
1437 2599 1656 2676 jungendorum
1681 2617 1712 2660 et

920 2688 1180 2746 construendorum
1208 2688 1321 2747 ratione
1346 2688 1581 2766 simplicissimus
1603 2703 1657 2762 est,
1679 2704 1713 2750 ut

920 2777 1095 2852 paucissima
1111 2791 1222 2836 tantum
1235 2795 1301 2853 quae
1314 2790 1416 2835 notatu
1436 2777 1526 2852 digna
1538 2778 1711 2855 videantur,

920 2883 956 2919 ex
968 2883 1003 2920 eo
1016 2865 1114 2922 afferri
1125 2862 1250 2940 possint.
1264 2864 1307 2922 Ex
1318 2867 1410 2924 variis
1420 2866 1560 2924 membris
1569 2867 1712 2926 orationis

922 2950 981 3008 fere
996 2953 1058 3010 sola
1079 2953 1272 3011 inveniuntur
1292 2954 1466 3031 temporalia
1483 2966 1513 3012 et
1526 2954 1713 3014 conditiona-

922 3038 972 3114 lia,
989 3061 1054 3116 quae
1065 3060 1132 3099 sane
1147 3045 1308 3116 argumenti
1327 3041 1426 3100 indole
1443 3043 1568 3100 maxime
1582 3043 1712 3120 require·

922 3125 1049 3200 bantur;
1068 3130 1159 3187 multo
1171 3129 1266 3186 rarius
1284 3149 1337 3206 per
1351 3129 1495 3188 vocabula
1509 3130 1647 3201 relativa,
1660 3151 1713 3210 per

921 3217 1079 3291 particulas
1087 3216 1226 3288 causales,
1233 3219 1444 3288 consecutivas,
1453 3218 1610 3280 consilium
1622 3219 1712 3276 deno-

923 3315 1015 3360 tantes
1027 3305 1123 3362 oratio
1135 3305 1333 3363 continuatur.
1345 3304 1417 3364 lure
1428 3307 1518 3382 igitur
1531 3306 1712 3385 bernhardyi

922 3389 1050 3464 dictum,
1068 3412 1127 3470 quo
1143 3393 1194 3450 ille
1208 3392 1448 3452 Manethonianos
1457 3394 1551 3453 libros
1565 3397 1659 3454 siccos
1672 3409 1712 3454 ta·

923 3478 1059 3538 bularum
1075 3483 1316 3557 astrologicarum
1331 3482 1444 3541 indices
1455 3483 1488 3540 in
1502 3503 1618 3542 versum
1630 3484 1707 3543 reda·

923 3581 984 3624 ctos
998 3568 1169 3647 appellavit,
1182 3570 1268 3626 etiam
1281 3567 1418 3627 Nostrum
1433 3571 1466 3629 in
1476 3585 1591 3649 poetam
1605 3573 1714 3631 referre

923 3656 1025 3732 possis.
1041 3654 1147 3712 Verum
1163 3669 1260 3713 tamen
1275 3675 1337 3713 eam
1348 3656 1534 3735 jejunitatem
1549 3660 1682 3720 consulto
1697 3681 1713 3718 a

923 3757 1009 3820 poeta
1020 3743 1179 3800 adhibitam
1193 3763 1255 3802 esse
1268 3744 1374 3802 docent
1386 3765 1446 3803 non
1459 3748 1551 3806 solum
1568 3749 1654 3822 pauci
1669 3749 1714 3807 illi

924 3830 1001 3901 loci,
1015 3830 1123 3908 quibus
1139 3832 1302 3910 paullulum
1317 3853 1406 3910 supra
1424 3854 1487 3892 eam
1507 3835 1650 3908 ascendit,
1663 3837 1714 3894 sed

923 3920 1049 3976 maxime
1063 3921 1180 3978 dicendi
1196 3921 1332 3993 facilitas,
1353 3920 1436 3998 cujus
1450 3922 1583 3998 exempla
1602 3923 1638 3981 iis
1652 3943 1715 3981 ver·

925 4006 1006 4064 sibus
1027 4008 1178 4078 exhibuit,
1196 4008 1305 4085 quibus
1327 4009 1364 4066 ab
1386 4011 1453 4069 aliis
1472 4015 1569 4088 operis
1582 4011 1715 4090 partibus

925 4097 961 4155 ad
973 4099 1045 4154 alias
1060 4099 1283 4172 transgreditur,
1298 4118 1372 4176 quos
1390 4100 1470 4158 locos
1483 4119 1571 4177 supra
1582 4114 1715 4160 accurate

925 4186 1062 4245 indicavi.
1072 4186 1146 4244 Tum
1156 4185 1226 4244 libri
1235 4187 1454 4258 secandiinitio,
1464 4208 1523 4264 quo
1531 4208 1596 4245 cum
1604 4188 1641 4246 de
1652 4189 1715 4246 aliis

926 4275 1013 4334 rebus
1024 4275 1202 4345 caelestibus,
1215 4289 1275 4332 tum
1289 4275 1325 4332 de
1337 4273 1459 4333 orbibus
1474 4275 1620 4352 exposuit,
1637 4276 1714 4334 haud

925 4363 1081 4422 infeliciter
1096 4384 1161 4422 cum
1188 4365 1277 4420 Arato
1292 4363 1422 4421 certavit.
1444 4367 1544 4439 ltaque
1559 4364 1713 4422 consilium

925 4467 1018 4528 poetae
1029 4455 1128 4530 potius
1142 4453 1197 4509 hoc
1210 4453 1298 4510 fuisse
1312 4452 1440 4522 videtur,
1460 4465 1491 4508 ut
1505 4451 1640 4510 versibus
1655 4466 1715 4511 tra-

926 4541 1006 4598 deret
1027 4541 1174 4598 materiam
1195 4539 1341 4598 oblivioni
1357 4537 1513 4594 admodum
1537 4538 1713 4614 obnoxiam,
1797 4553 1803 4572 ⁸

926 4649 984 4706 quo
1001 4630 1113 4688 facilius
1128 4629 1275 4687 memorias
1287 4627 1473 4684 mandaretur
1486 4639 1515 4685 et
1526 4640 1622 4688 niente
1635 4642 1714 4688 tene·

927 4732 1021 4791 retur,
1033 4739 1119 4796 quam
1135 4732 1167 4775 ut
1185 4717 1341 4774 caelestium
1355 4735 1459 4771 arcana
1472 4716 1580 4792 poetici
1593 4717 1714 4794 spiritus

927 4820 1012 4881 atque
1037 4820 1157 4865 ornatus
1179 4802 1341 4862 luminibus
1361 4803 1534 4875 illustraret3
1558 4807 1713 4864 consilium

928 4896 1048 4953 minime
1062 4895 1206 4972 poeticum
1221 4905 1299 4964 erat,
1316 4891 1366 4948 sed
1389 4891 1425 4948 ad
1448 4911 1531 4950 usum
1550 4894 1712 4972 spectabat,

929 5004 987 5041 non
1003 4985 1157 5053 delectare,
1171 4982 1220 5040 sed
1241 4993 1351 5038 tantum
1374 4979 1509 5058 prodesse
1529 4982 1643 5040 uoleba·
1666 4978 1714 5040 bic

928 5086 1019 5150 poeta.
1039 5073 1131 5140 Quam
1145 5070 1246 5148 procul
1263 5067 1339 5126 absit
1351 5071 1410 5125 haec
1422 5069 1561 5129 carminis
1577 5066 1717 5132 didactici

929 5160 1022 5218 fornia
1030 5159 1066 5216 ab
1077 5159 1176 5228 altera,
1188 5159 1216 5214 in
1226 5158 1440 5234 quallppianus
1448 5155 1724 5232 d‘dlitustxdclonge

928 5263 971 5306 est
985 5251 1138 5324 princeps,
1164 5245 1305 5303 indicasse
1327 5245 1444 5308 sufficit.
1466 5245 1529 5304 lloc
1551 5241 1642 5312 addo,
1658 5240 1718 5320 jani

1575 5341 1606 5388 ³0
