3992 6078
594 359 723 418 PHlLAE
745 357 1018 418 expositionis
1040 357 1277 417 uLEPflANTE.

145 514 185 552 atu
199 491 276 551 άλλοι
290 491 317 549 δὲ
330 491 442 549 πλεῖστα
458 491 662 568 συγκομίσαντες
677 490 740 557 ξύλα

198 580 333 659 ῥίπτουσιν
347 581 418 656 αὐτῷ
432 580 578 658 δραστικῶς
590 578 654 655 πρὸς
668 577 726 644 τοὺς
739 577 833 644 πόδας·

197 667 328 726 καὶκατὰ
344 667 435 746 μικρὸν
452 673 496 724 τοῦ
512 667 604 745 βάθους
618 665 750 746 ᾠδηκότος

198 756 245 815 καὶ
258 761 304 826 τῆς
316 754 389 827 ξένης
403 755 530 831 κλίμακος
543 754 758 833 ἐξειργασμένης,

198 843 345 925 ὀξυδρόμως
360 845 437 911 ἔξεισι
451 843 515 920 πρὸς
526 841 585 909 τοῦς
598 845 753 920 συννόμους,

142 953 182 990 ara
199 932 291 998 σωθεὶς
303 935 317 991 θ
330 930 418 1008 σωτὴρ
432 931 483 989 tat
494 933 545 988 τῶν
561 932 741 1006 σεσωσμένων.

238 1016 324 1087 Ἄξιον
336 1010 379 1077 οῦν
392 1020 525 1079 καὶτοῦτο
539 1021 711 1096 θαυμάσαντά
725 1045 753 1078 σε

200 1106 282 1184 μηδὲν
297 1107 435 1185 παρελθεῖν
449 1112 493 1165 τοῦ
508 1106 687 1184 προσήκοντος
701 1109 792 1186 λόγου·

198 1195 245 1254 καὶ
259 1195 310 1275 γάρ
325 1218 392 1261 τινος
405 1194 543 1274 βάλλοντος
555 1195 632 1254 αὐτὸν
644 1195 748 1263 τοξότου

199 1282 245 1342 καλ
259 1287 296 1362 τῷ
309 1284 455 1362 στοχασμῷ
467 1287 648 1359 σνγκινοῦντος
660 1283 704 1342 τὸν
716 1284 799 1356 τόνον,

143 1394 186 1432 tao
201 1371 278 1438 αὐτὸς
289 1374 392 1449 θεωρῶν
407 1367 455 1436 τδις
469 1369 548 1449 βολδς
560 1372 723 1452 ἀντιστρέφει

199 1461 246 1520 καὶ
260 1459 374 1535 πήγνυσι
384 1457 414 1516 τὸ
428 1461 506 1532 σῶμα
522 1457 596 1532 δίκην
612 1459 720 1526 ἀσπίδος

198 1551 225 1607 tu
237 1553 270 1627 τῇ
284 1546 407 1626 συνάρσει
419 1550 471 1604 τῶν
485 1548 571 1623 μιλῶν
587 1547 750 1628 ἐσφιγμένον.

239 1635 309 1694 Ἀλλ’
321 1624 343 1692 ῶ
356 1633 467 1692 δικαστά
481 1638 533 1692 τῶν
548 1638 635 1716 σοφῶν
649 1637 754 1694 πάντων
769 1635 864 1714 λόγων,

197 1723 243 1782 καί
257 1728 301 1782 νοῦ
314 1721 410 1802 καθαρὲ
421 1767 429 1794 ,
441 1726 493 1780 τῶν
508 1725 600 1803 ψυχῶν
613 1725 757 1796 ἐπιστάτα,

145 1832 185 1870 aas
199 1811 246 1870 καὶ
260 1814 311 1868 τῶν
323 1809 366 1868 ἐπὶ
378 1815 425 1888 γῆς
439 1812 573 1887 δυσμενῶν
587 1811 745 1884 άντιστάτα,

200 1899 246 1957 καὶ
259 1902 310 1956 τῶν
325 1898 387 1978 παρ’
401 1903 465 1975 ἡμῖν
480 1901 607 1978 τίσφορῶν
620 1901 781 1976 ζυγοστάτα,

198 1986 245 2046 καὶ
256 1990 302 2056 τῆς
313 1990 423 2065 φυσικῆς
438 1990 564 2064 μουσικῆς
574 1989 740 2067 χοροστάτα,

199 2075 245 2133 καί
257 2079 303 2146 τῆς
314 2074 371 2131 καθ’
383 2079 454 2150 ἡμᾶς
468 2074 571 2156 φύσεως
582 2077 776 2155 πρωτοστάται,

199 2163 245 2222 καὶ
260 2165 314 2242 φῶς
326 2164 440 2242 ἐναργῶς
454 2161 588 2242 ἐξελέγχον
604 2163 650 2231 τὰς
662 2163 763 2245 φύσεις,

144 2271 185 2312 aso
198 2250 244 2309 καὶ
259 2255 311 2330 πῦρ
324 2251 448 2308 δαπανῶν
465 2255 511 2321 τῆς
521 2254 608 2332 ψυχῆς
623 2275 673 2327 μου
687 2252 745 2320 τοὺς
758 2251 861 2327 πόνους,

197 2329 220 2397 ῶ
234 2338 365 2416 γλυκύτης
376 2337 473 2420 ἄρρητα
487 2340 532 2398 καί
546 2340 675 2416 θυμηδία,

197 2428 243 2486 καὶ
255 2426 398 2507 τερπνότης
412 2426 530 2508 ἄφραστε
542 2426 589 2486 καλ
600 2429 750 2509 κραταρχία

197 2520 297 2574 νικῶσα
310 2514 355 2573 καὶ
367 2513 517 2594 κρύπτουσα
529 2524 582 2573 πῶν
596 2514 674 2593 λόγου
689 2515 789 2587 σθένος,

197 2593 220 2662 ῶ
235 2604 323 2662 πάντα
338 2607 423 2661 κινοῦν
437 2605 473 2670 είς
487 2608 545 2662 θεοῦ
561 2601 636 2672 δόξαν
649 2602 734 2678 στόμα

144 2715 183 2754 ura
196 2693 242 2751 καὶ
257 2694 364 2769 γλῶσσα
379 2689 490 2770 λαμπρὰ
503 2690 549 2750 καὶ
561 2692 697 2774 θεύφθογγε
711 2693 821 2774 φράσις,

197 2782 244 2841 καλ
258 2785 337 2858 σῶμα
348 2783 443 2838 καινῶν
456 2780 573 2838 δεκτικὸν
587 2780 771 2859 χαρισμάτων,

197 2872 244 2932 καὶ
259 2875 364 2946 πνεῦμα
375 2868 458 2927 κοινὸν
474 2871 510 2936 εἰς
523 2873 605 2940 πνοῆς
620 2871 791 2948 λειτουργίαν,

196 2950 219 3019 ὦ
233 2958 317 3033 ²6⁶!st
331 2961 377 3027 Τῆς
390 2962 439 3032 Υῆ(
445 3001 453 3028 ν
465 2961 512 3029 τῆς
526 2959 622 3037 φυλῆίν
635 2961 680 3027 τῆς
692 2957 762 3024 ἀξίαί
774 3001 781 3028 ν

197 3051 243 3118 τῆς
258 3045 427 3126 πορφυρίδος,
440 3048 487 3116 τῆς
502 3049 592 3120 γονῆς,
608 3047 655 3115 τῆς
666 3045 769 3116 ἑστίας,

143 3157 186 3197 sao
199 3141 245 3207 τῆς
257 3139 302 3192 τοῦ
315 3131 422 3214 στίφους
433 3132 556 3212 χάριτος,
570 3137 605 3198 ὡς
616 3133 662 3192 καλ
673 3139 717 3191 τοῦ
733 3133 834 3206 θρόνου,

199 3228 247 3294 τῆς
258 3227 302 3280 τοῦ
316 3220 373 3300 βίου
387 3222 559 3298 πλάστιγγος,
571 3225 606 3288 ὡς
624 3223 726 3280 καὶτοῦ
741 3222 852 3302 τρόπον,

197 3317 245 3384 τῆς
258 3315 303 3367 τοῦ
318 3309 396 3388 λόγον
409 3309 566 3387 σάλπιγγος,
579 3313 615 3376 ῶς
625 3309 670 3368 καὶ
683 3316 726 3368 τοῦ
745 3311 870 3389 κράτους,

198 3405 246 3460 σοῦ
260 3398 355 3464 πάντες
369 3398 459 3462 ἅπλῶς
473 3401 614 3476 ἀγνοοῦμεν
628 3397 675 3470 τὴν
688 3398 777 3474 φύσιν·

197 3489 227 3547 τῦ
241 3489 293 3568 γὰρ
306 3484 491 3557 ἀκατάληπτόν
507 3484 562 3543 ἐστί
575 3509 614 3544 σοι
628 3484 703 3564 φύσις

140 3601 183 3640 ειν
194 3583 294 3638 θεοῦντι
309 3581 402 3653 μικροῦ
415 3573 462 3645 τὴν
477 3577 537 3632 κατ’
554 3574 690 3653 ἄνθρωπον
704 3574 789 3654 φύσιν.

196 3668 260 3730 Πῶς
273 3664 296 3721 δ’
309 3661 340 3720 δν
357 3661 461 3740 βλέπειν
475 3660 575 3740 γένοιτο
594 3662 729 3740 κανθάρων
743 3663 810 3738 γένει

195 3753 239 3812 τθν
255 3751 385 3829 αἰγυπιδν,
397 3750 441 3808 τῦν
454 3751 587 3830 φρικώδη,
599 3751 642 3808 τὸν
656 3750 753 3828 μέγαν;

195 3842 222 3900 τί
236 3842 259 3898 δ’
276 3839 308 3899 tv
319 3839 411 3920 ψοφεῖν
426 3840 544 3897 δύναιντο
556 3837 601 3896 καὶ
613 3840 760 3914 πιθηκίδες,

195 3930 258 3989 ὅταν
275 3931 434 4007 βρυχηθμῶν
450 3927 617 4007 ἐξερεύγηται
632 3927 743 3992 κτύπους

141 4041 183 4080 tao
196 4018 262 4078 λέων
277 4018 320 4074 ἐπ’
335 4017 415 4082 αὐτὰς
428 4015 565 4095 ἐκδραμὼν
577 4020 624 4086 τῆς
634 4016 780 4086 παστάδος,

195 4105 213 4177 ῆ
227 4104 354 4182 μαινίδων
367 4103 469 4180 ὅμιλος,
487 4107 509 4162 τί
522 4109 600 4176 κῆτος
613 4105 703 4183 βλέπει

193 4193 287 4269 τέμνον
300 4191 330 4252 τό
343 4195 428 4273 ῥεῦμα
443 4196 493 4258 τοῖς
508 4201 613 4270 πτεροῖς
623 4193 675 4259 τοῖς
688 4191 829 4272 ἐνδρόσοις;

198 4281 232 4341 ‘0
244 4281 417 4362 φιλοπαίστης
431 4279 659 4360 ψαλμυιῶςέρπει
670 4281 781 4360 δράκων.

196 4368 236 4430 Σθ
252 4368 398 4448 μετριάζων
412 4370 525 4444 εὐμενῶς
537 4367 638 4433 πάντας
653 4370 769 4448 βλέπεις·

140 4479 182 4518 saa
195 4457 352 4534 καὶγίνεται
366 4457 396 4514 τὸ
410 4457 516 4535 βλέμμα
528 4461 580 4523 τοῖς
592 4459 761 4536 κακουμένοις

195 4543 280 4626 σαφὴς
293 4544 445 4621 γλυκασμὸς
458 4544 504 4602 καὶ
518 4543 672 4614 θαόὸλυστος
685 4547 786 4626 δρόσος.

194 4631 281 4691 Ὅταν
295 4629 322 4689 δέ
337 4630 382 4688 καὶ
394 4629 442 4703 τὴν
456 4639 534 4712 χεῖρα
548 4637 620 4712 κινῇς
635 4633 712 4701 ὀξέως

195 4719 240 4778 καὶ
253 4718 300 4785 τὰς
312 4720 338 4776 ἕν
349 4723 414 4795 ἡμῖν
429 4720 563 4799 συμφορὰς
579 4721 738 4801 άνατρέπης

193 4809 224 4865 ἐκ
237 4810 284 4876 τῆς
297 4809 406 4886 ἐρυθρᾶς
416 4808 469 4866 τῶν
481 4813 588 4888 γραφῶν
601 4810 761 4878 πανοπλίας,

139 4917 181 4956 σου
195 4899 306 4954 ἐνταῦθα
321 4893 433 4961 πολλοὺς
448 4892 508 4960 τοῦς
518 4895 689 4974 δορυκτήτους
704 4897 787 4974 άγεις·

193 4981 261 5040 ὥστε
273 4980 402 5059 πρόδηλόν
415 4984 485 5053 ἐστι,
496 4979 545 5040 κᾶν
559 4983 649 5058 μηδείς
662 4982 749 5056 λέγοι,

197 5069 287 5150 κράξει
302 5067 329 5126 δὲ
339 5069 458 5141 πάντως,
471 5071 493 5126 εἰ
505 5069 624 5140 θελήσει,
638 5069 682 5127 καί
694 5073 778 5149 λίθος,

194 5161 230 5222 ῶς
244 5155 275 5212 σθ
290 5159 410 5234 καθαρῶς
424 5167 512 5215 πᾶσαν
527 5161 628 5236 ἐκνικᾷς
644 5158 728 5236 φύσιν,

959 499 1033 548 ceteri
1042 501 1155 560 congesta
1166 498 1229 559 ligna
1243 498 1348 559 plurimu

958 587 1069 636 alacriter
1077 586 1193 648 deliciunt
1202 586 1248 634 sul>
1257 586 1329 647 pedes
1338 586 1390 647 ejus
1401 599 1407 634 τ

958 675 993 723 ita
1007 675 1130 737 paullatim
1142 687 1213 736 specu
1224 672 1321 736 expietd

959 763 984 810 et
995 761 1097 811 mirabili
1113 762 1179 810 scala
1190 761 1305 823 perlecta,

959 849 999 898 ille
1012 849 1125 899 velociter
1138 850 1189 899 exit
1203 849 1234 898 ad
1245 850 1351 912 gregales
1365 862 1434 911 suos,

959 941 1067 987 serrator
1075 940 1186 988 servatus
1195 938 1227 987 ab
1236 937 1280 998 iis,
1290 951 1352 1000 quos
1360 941 1506 988 manaverat.

991 1027 1069 1076 Etiam
1081 1026 1128 1076 hoc
1139 1026 1239 1088 dignum
1251 1027 1365 1088 estquod
1378 1027 1472 1076 mireris

961 1114 1019 1163 nihil
1030 1113 1197 1177 praetereundo
1207 1115 1323 1164 sermonis
1331 1113 1362 1163 ad
1372 1127 1422 1163 rem
1432 1117 1572 1186 pertinentis
1584 1131 1590 1166 :

958 1203 1049 1252 scilicet
1065 1216 1141 1265 quum
1155 1201 1293 1264 sagittarius
1302 1203 1326 1252 iu
1336 1203 1487 1266 elephantem
1495 1204 1617 1266 jaculatur

958 1293 995 1351 el,
1004 1289 1063 1340 dum
1073 1290 1200 1350 collineat,
1211 1303 1314 1340 nervum
1324 1291 1422 1351 moret,

959 1377 998 1428 ille
1007 1379 1141 1441 praevidens
1151 1379 1245 1442 sagittae
1254 1378 1363 1440 jactum,
1373 1378 1475 1429 reiiectit
1484 1393 1509 1430 se

958 1469 981 1516 et
992 1479 1079 1529 eorpus
1088 1479 1160 1516 suum
1167 1501 1174 1527 ,
1182 1467 1260 1516 veluti
1268 1466 1379 1529 clypeum
1388 1503 1396 1528 ,
1406 1466 1490 1530 obiicit

957 1555 1059 1604 tirmiter
1071 1554 1179 1605 collectis
1188 1555 1303 1604 memhris
1312 1555 1469 1604 mustriotum
1479 1559 1503 1605 et
1514 1569 1686 1619 compressum.

989 1643 1035 1694 Sed
1045 1645 1087 1702 tu,
1097 1656 1250 1705 quorumque
1258 1642 1386 1692 doctorum
1395 1657 1535 1693 sermonum
1543 1643 1631 1706 judex,

958 1734 982 1780 et
992 1745 1052 1793 pura
1062 1744 1143 1792 meus,
1154 1733 1179 1780 et
1187 1730 1324 1780 animorum
1334 1732 1441 1792 curator,

958 1823 982 1868 et
995 1820 1147 1868 inimieorum
1162 1821 1300 1868 nostrorum
1313 1819 1338 1868 iu
1351 1821 1417 1869 terra
1430 1819 1547 1883 repulsor,

958 1911 982 1957 et
991 1911 1128 1957 nostrorum
1137 1908 1284 1957 tributorum
1296 1906 1396 1968 arbiter,

957 1999 982 2046 et
991 1997 1106 2046 naturalis
1116 1997 1214 2046 musicas
1224 1997 1362 2058 praesultor,

957 2087 982 2134 et
990 2086 1104 2133 humanm
1113 2087 1207 2134 uaturae
1216 2091 1383 2146 auteuguaue,

957 2173 982 2222 et
993 2173 1088 2234 lumen,
1098 2185 1148 2234 quo
1159 2173 1253 2234 ingenia
1261 2171 1342 2222 omnia
1352 2173 1478 2223 manifeste
1489 2178 1631 2237 arguuntur,

957 2265 981 2311 et
991 2261 1064 2322 ignis,
1075 2275 1123 2324 quo
1132 2262 1205 2311 animi
1215 2259 1262 2337 mei
1271 2273 1389 2312 aerumnas
1398 2267 1586 2325 consumuntur,

957 2364 973 2399 ο
984 2349 1147 2400 inenarrabile
1156 2349 1260 2400 dulcedo
1270 2352 1294 2412 et
1304 2353 1425 2414 suavitas,

957 2452 973 2487 ο
985 2438 1219 2488 consummatissima
1229 2438 1336 2487 hilaritas
1345 2440 1370 2487 et
1381 2438 1501 2500 potentia.

957 2541 1006 2590 qua
1017 2527 1095 2576 onmis
1104 2527 1141 2576 ris
1150 2525 1264 2576 orationis
1273 2525 1380 2576 vincitur
1391 2528 1417 2575 et
1430 2525 1577 2588 debilitatur,

957 2630 972 2665 ο
981 2629 1076 2665 sacrum
1085 2629 1112 2664 os
1122 2616 1203 2664 omnia
1210 2627 1310 2664 movens
1319 2614 1350 2664 ad
1362 2615 1405 2664 Dei
1414 2615 1512 2677 gloriam
1521 2651 1528 2675 ,

929 2687 932 2692 ’
957 2702 1171 2766 ospieudidissima
1181 2703 1261 2764 lingua
1270 2705 1295 2752 et
1305 2705 1383 2752 Deum
1393 2715 1481 2752 sonam
1490 2703 1601 2766 loquela,

957 2805 972 2840 ο
983 2804 1070 2854 corpus
1080 2789 1236 2840 mirificorum
1247 2790 1290 2840 Dei
1300 2803 1429 2839 munerum
1439 2803 1530 2853 capax,

957 2880 1080 2943 ospiritus
1091 2879 1227 2928 cummunis
1238 2877 1269 2926 ad
1282 2878 1357 2927 vitam
1366 2877 1593 2942 administrandam,

957 2983 972 3018 ο
982 2971 1152 3023 ornamentum
1161 2969 1246 3022 terrae,
1258 2966 1379 3028 nationis,
1391 2967 1522 3030 dignitatis,

958 3068 1084 3118 purpurae,
1094 3055 1200 3115 sobolis,
1209 3054 1271 3115 loct,

956 3143 1149 3193 clementissimae
1158 3155 1271 3205 corones,
1283 3145 1312 3192 ut
1323 3144 1348 3192 et
1359 3143 1457 3205 throni,

957 3233 1045 3294 regulae
1055 3231 1467 3292 commuuisritmmtetmorum,
1522 3219 1525 3230 ’

956 3320 1107 3382 grandisonae
1119 3320 1278 3382 eloquentiae,
1291 3322 1320 3369 ut
1332 3321 1357 3369 et
1365 3321 1510 3382 majestatie3

955 3411 1023 3458 tuam
1038 3420 1122 3456 omues
1130 3407 1230 3456 omuino
1240 3408 1379 3470 ignoramus
1390 3411 1502 3459 naturam
1517 3429 1523 3459 ι

957 3509 1075 3558 namque,
1088 3497 1154 3559 quod
1164 3496 1412 3558 incompreheusibilis
1422 3510 1461 3559 es,
1472 3497 1496 3547 id
1510 3498 1554 3548 tihi
1563 3502 1651 3549 natura
1660 3507 1709 3563 eat,

956 3584 1015 3633 dum
1027 3585 1158 3633 humanam
1169 3585 1193 3634 in
1203 3586 1229 3633 te
1240 3587 1353 3634 naturam
1366 3597 1441 3647 prope
1453 3585 1561 3635 divinam
1574 3587 1664 3638 reddis.

960 3673 1088 3731 Quomodo
1097 3672 1196 3722 taudem
1207 3671 1233 3721 id
1243 3661 1391 3733 conongeret
1400 3672 1575 3723 scarabaeorum
1584 3675 1678 3740 generi,

955 3765 985 3809 ut
993 3763 1144 3810 intuerentur
1152 3761 1259 3823 aquilam
1270 3761 1421 3811 tremendam
1432 3765 1457 3810 et
1468 3765 1597 3824 magnam?

957 3850 1016 3914 quid
1026 3850 1126 3899 tandem
1137 3863 1224 3899 souare
1233 3851 1330 3912 possent
1341 3863 1422 3912 parrae
1434 3850 1523 3911 simiae,

955 3952 1030 4001 quum
1044 3939 1166 4000 rugituum
1179 3939 1282 4000 lragores
1293 3941 1387 3988 eructat

955 4026 993 4075 teo
1004 4040 1018 4076 e
1030 4027 1103 4076 cubili
1116 4039 1161 4075 suo
1173 4039 1331 4089 prorumpens
1340 4026 1364 4074 iu
1377 4029 1434 4075 eas?

955 4117 998 4163 aut
1011 4113 1076 4178 qnid
1087 4113 1218 4177 proferret
1228 4114 1300 4164 turha
1312 4115 1488 4175 merularum,
1504 4115 1523 4164 ai
1543 4115 1660 4166 balanam
1671 4117 1736 4168 ridet

955 4203 1055 4252 roscidis
1064 4202 1109 4251 alis
1117 4202 1167 4252 suis
1175 4201 1264 4252 fluctus
1274 4204 1413 4252 mmutemi’

956 4294 1018 4340 licea
1027 4291 1116 4353 arrepit
1129 4303 1227 4354 serpeus
1238 4291 1344 4340 cannino
1358 4290 1451 4340 ludens.

955 4381 992 4428 Tu
1004 4379 1105 4430 minima
1113 4379 1230 4441 superbus
1242 4393 1327 4429 omnes
1340 4379 1442 4441 adspicis
1454 4378 1571 4440 henigne;

954 4468 1023 4530 isque
1036 4470 1148 4530 aspectus
1160 4469 1218 4516 tuus
1233 4466 1328 4516 atliietis
1339 4467 1367 4516 tit
1566 4451 1570 4460 ¹

955 4557 1033 4620 palam
1046 4557 1136 4606 mellita
1145 4555 1218 4618 quies,
1225 4557 1250 4605 et
1259 4568 1299 4604 ros
1309 4555 1424 4604 divinitus
1433 4555 1534 4604 ellusus.

955 4649 1035 4703 Quum
1047 4658 1105 4694 roro
1118 4644 1190 4694 etiarn
1201 4655 1301 4692 manum
1311 4645 1379 4693 tuam
1389 4655 1472 4691 morer
1485 4643 1597 4692 alacriter
1665 4683 1670 4693 .

956 4737 982 4784 et
990 4733 1140 4782 calamitates
1149 4733 1242 4780 naahas
1251 4730 1357 4794 dispellis

957 4835 988 4872 ex
998 4822 1072 4871 rubro
1082 4828 1090 4884 ς
1100 4819 1281 4882 imperatorio)
1292 4820 1464 4882 seripturarum
1477 4821 1595 4883 armario,

954 4910 1003 4959 hnc
1013 4909 1043 4958 ad
1052 4913 1077 4959 te
1086 4909 1176 4958 multos
1184 4907 1228 4957 tihi
1237 4908 1345 4970 captivos
1356 4909 1380 4957 et
1392 4908 1542 4972 mancipatos
1555 4909 1675 4960 adducta:

953 4997 1017 5060 quod
1030 4998 1103 5058 adeo,
1116 4997 1209 5046 etiamsi
1219 5009 1291 5046 nemu
1301 4995 1324 5045 id
1334 4995 1399 5046 dicat
1406 5034 1414 5060 ‚
1424 5001 1533 5060 apertum
1544 4999 1620 5048 orriris
1631 5002 1682 5056 ectr

954 5087 1012 5148 quin
1023 5087 1059 5135 rel
1069 5086 1143 5146 lapis,
1153 5085 1172 5134 si
1183 5084 1290 5144 luhohlt,
1299 5085 1399 5134 omuino
1408 5086 1535 5138 clamabit.

954 5189 967 5220 a
980 5179 1003 5222 te
1016 5188 1086 5221 omna
1098 5187 1194 5234 prorsus
1207 5173 1313 5234 superari
1328 5173 1458 5236 ingenium.
