4022 6084
328 397 344 446 ε
687 359 691 368 ’
917 383 1068 441 irrisor·
1088 384 1328 442 «siracusas.
1502 353 1521 421 '-

287 532 312 573 te
365 518 422 584 Τάς
436 519 462 576 δέ
477 520 509 576 δι’
524 517 670 596 ἀμφοτέρας
683 516 726 587 οἵῃ
739 525 866 588 ποταμοῖο
882 513 1000 594 ἀπορρώξ
1178 525 1225 570 llos
1236 537 1293 572 vero
1303 537 1344 584 per
1353 524 1445 584 nubes,
1454 523 1532 586 quelle
1540 524 1606 573 liuvii
1615 524 1743 581 decursam,

327 607 433 664 εἰλεῖται
445 605 513 682 μέγα
525 609 627 680 θαῦμα,
638 601 788 684 Δράκων,
800 604 858 680 περί
872 602 894 659 τ’
907 601 973 682 ἀμφί
986 602 1009 658 τ’
1020 600 1102 678 ἐαγὼς
1148 611 1268 659 volutatur
1281 611 1385 660 immone
1399 613 1547 669 monstrum,
1566 614 1654 671 Draco,
1665 612 1825 660 circumcisor
1836 612 1910 660 tractus

327 693 431 772 μυρίος·
446 695 473 750 al
487 693 510 750 δ’
521 692 572 770 άρα
583 695 607 750 nl
619 690 725 772 σπείρης
736 689 857 770 ἑκάτερθε
868 689 989 770 φέρονται
1146 697 1282 746 immensus.
1314 702 1404 746 verum
1417 697 1479 748 cies
1487 701 1589 760 utreque
1599 702 1665 760 parte
1675 699 1750 760 spirea·
1761 698 1862 747 luuntur

326 777 448 859 Ἄρκτοι,
460 779 568 838 κυανέου
581 778 776 858 πεφυλαγμένοι
787 778 923 836 ὠκεανοῖο.
1147 787 1222 846 llrsm,
1232 799 1246 833 a
1255 787 1357 834 caeruleo
1369 785 1413 834 sibi
1423 788 1536 835 caventes
1544 789 1647 835 Oceano.

328 867 410 946 αὐτάρ
424 868 463 943 ὅγ’
475 866 557 937 ἄλλην
569 866 615 942 μὲν
631 865 709 944 νεάτῃ
725 865 874 925 ἀποτείνεται
891 868 964 943 οὐρῇ,
1146 871 1192 920 seu
1204 872 1243 920 bie
1250 872 1350 920 alteram
1360 871 1457 934 quidem
1466 877 1575 922 extrema
1584 871 1679 934 attingit
1691 873 1789 932 mucis,

286 978 313 1016 so
327 956 410 1026 ἀλλην
425 952 453 1012 δέ
469 953 562 1032 σπείρῃ
577 952 769 1030 περιτέμνεται.
786 951 844 1032 ἥγε
855 953 903 1030 μέν
916 951 983 1030 ἀκρη
1146 959 1246 1007 alteram
1258 973 1315 1007 vero
1326 960 1388 1021 spire
1398 959 1579 1008 circumscribit
1589 959 1647 1021 Ejus
1658 959 1763 1022 qrridcnr
1771 973 1858 1007 nomme

327 1040 390 1120 οὐρὴ
403 1039 457 1116 πάρ
471 1038 587 1121 κεφαλὴν
601 1037 708 1111 Ἑλίκης
721 1041 885 1098 ἀποπαύεται
895 1043 1003 1116 ἄρκτου·
1146 1045 1223 1093 cruda
1234 1046 1264 1094 ed
1273 1049 1345 1107 caput
1358 1047 1448 1095 Helices
1456 1046 1558 1108 quiescit
1568 1050 1648 1107 Ursam
1748 1045 1814 1108 [cum
1824 1045 1888 1107 ipsum

327 1127 422 1206 σπείρῃ
434 1128 456 1186 δ’
468 1131 494 1186 έν
508 1127 658 1206 Κυνόσουρα
670 1127 738 1205 κσίρη
751 1125 819 1207 έχει·
831 1131 847 1198 ἡ
864 1127 890 1185 δὲ
903 1128 962 1184 κατ’
969 1123 1056 1204 ἱαὐτὴν
1146 1133 1304 1194 inspiravero
1313 1137 1437 1194 cynosura
1443 1133 1595 1194 caputbsbet
1606 1122 1788 1196 :beolspirnj
1797 1133 1908 1181 autemm-

328 1217 434 1274 εἰλεῖται
445 1213 570 1294 κεφαλήν,
581 1213 625 1271 καί
635 1216 659 1272 ol
670 1213 746 1280 ποδὸς
758 1213 863 1293 ἔρχεται
873 1213 959 1292 ἄχρις,
1146 1219 1254 1268 volvitur
1265 1222 1349 1281 caput.
1359 1220 1428 1281 eique
1437 1220 1468 1269 od
1476 1219 1562 1282 pedem
1575 1219 1731 1283 progreditur
1746 1232 1832 1281 usque,

327 1301 358 1358 έκ
369 1303 390 1358 δ’
403 1291 475 1366 αὐτος
485 1300 638 1380 παλίνορσος
650 1299 796 1380 ἀνατρέχει.
813 1303 842 1358 οὐ
857 1299 903 1376 μὲν
916 1297 1000 1367 ἐκείνη
1147 1318 1230 1354 rursus
1238 1320 1296 1355 vero
1308 1307 1363 1355 inde
1375 1311 1523 1356 retroversus
1531 1307 1641 1357 recurrit.
1650 1310 1706 1357 llon
1720 1305 1819 1368 quidem
1827 1305 1864 1355 iile

287 1409 313 1447 εε
328 1387 417 1461 οἰόθεν,
431 1388 485 1446 οὐδ’
494 1377 546 1454 οἷος
557 1389 656 1469 κεφαλῇ
671 1389 848 1464 έπιλάμπεται
860 1386 960 1466 ἀστήρ,
1147 1395 1210 1454 sola,
1222 1406 1300 1456 neque
1310 1395 1388 1443 rraaln
1398 1395 1476 1457 capite
1483 1394 1593 1456 splendet
1603 1395 1687 1455 stells3
1845 1390 1911 1456 [terius

329 1474 396 1532 ἀλλά
410 1472 456 1532 δύο
469 1474 621 1553 κροτάφοις,
635 1473 680 1532 δύο
692 1475 714 1532 δ’
725 1473 850 1550 ὄμμασιν·
863 1465 898 1540 εἷς
910 1474 931 1530 δ’
942 1471 1074 1549 ὑπένερθεν
1149 1479 1190 1529 sed
1199 1480 1255 1529 dum
1263 1480 1288 1529 ia
1298 1481 1461 1544 temporibus,
1472 1481 1576 1542 dumque
1594 1482 1619 1530 iu
1629 1481 1724 1542 oculis;
1732 1493 1796 1530 unns
1804 1483 1875 1530 antem
1883 1479 1909 1526 in-

328 1557 452 1638 ίσχάτιὴν
464 1557 553 1638 ἀπέχει
566 1560 653 1634 γένυος
666 1561 757 1618 δεινοῖο
769 1559 898 1636 πελώρου.
1148 1567 1323 1616 extremitatem
1332 1570 1436 1630 occupat
1445 1581 1512 1630 geum
1520 1567 1633 1617 horrendi
1646 1569 1761 1618 monstri.
1873 1565 1911 1628 [est

326 1646 399 1714 λοξὸν
412 1647 435 1703 δ’
448 1645 502 1706 leel
516 1647 600 1726 κάρη,
611 1645 708 1706 νεόοντι
720 1645 748 1705 δέ
759 1646 871 1721 πάμπαν
884 1645 965 1704 ἔοικεν
1148 1659 1278 1705 Ιοουινυιιι
1287 1659 1368 1705 autem
1377 1659 1414 1704 est
1422 1659 1506 1719 ceput,
1520 1659 1545 1705 et
1553 1656 1649 1706 nuhnti
1660 1669 1764 1718 prorsus
1777 1653 1911 1705 assimiatun
1980 1707 1981 1730 γ

329 1733 411 1812 ἄκρην
425 1736 461 1800 εἰς
473 1731 582 1806 Ἑλίκης
595 1734 682 1813 οὐρεῖν·
695 1733 765 1810 μάλα
779 1737 801 1792 θ’
813 1733 868 1792 lori
881 1737 940 1792 κατ’
954 1732 993 1791 tei
1148 1745 1281 1791 extremam
1292 1744 1317 1790 in
1329 1744 1421 1793 Helices
1431 1744 1531 1793 modam
1543 1744 1656 1793 :omnino
1667 1757 1728 1793 vero
1739 1745 1797 1794 sunt
1805 1741 1910 1792 nnuma

289 1837 316 1878 so
329 1820 374 1878 καί
386 1819 471 1896 στόμα
482 1818 528 1879 καί
539 1819 679 1900 κροτάφοιο
689 1819 722 1877 τὰ
738 1819 809 1887 δείιίι
819 1820 912 1899 νειάτῳ
926 1821 997 1898 οὐρῇ.
1150 1834 1174 1879 et
1187 1844 1214 1878 os
1222 1833 1247 1879 et
1257 1833 1393 1892 temporum
1403 1830 1503 1880 dextere
1515 1833 1629 1880 extremes
1638 1831 1742 1892 csudm3

328 1907 401 1980 κείνη
410 1931 461 1966 που
472 1906 573 1988 κεφαλὴ
587 1911 620 1988 τῇ
633 1907 763 1978 νίσσεται,
776 1899 824 1987 ἥχί
836 1930 886 1985 περ
900 1905 977 1984 ἄκραι
1148 1917 1207 1966 illud
1221 1919 1295 1966 ferme
1308 1921 1380 1980 ceput
1396 1919 1441 1966 llso
1449 1920 1528 1978 meat,
1538 1932 1588 1980 quo
1597 1919 1699 1968 extremi

329 1996 464 2074 μίσγονται
478 1993 562 2061 δόσιές
575 1994 660 2053 τεκαὶ
672 1995 777 2054 ἀντολαὶ
791 1993 942 2072 ἀλλήλῃσιν.
1149 2005 1278 2053 miscentur
1286 2018 1431 2066 occasusque
1439 2008 1464 2054 et
1474 2009 1542 2054 oritas
1556 2005 1601 2054 sibl
1613 2004 1734 2056 invicem.

367 2084 423 2152 Τῆς
434 2081 457 2140 δ’
469 2083 552 2160 ἀγχοῦ
565 2079 842 2158 μογέοντικυλίνδετσι
855 2079 927 2156 ἀνδρί
939 2079 1018 2145 ἐοικὸς
1180 2091 1241 2140 lluic
1250 2104 1307 2139 vero
1317 2105 1399 2152 prope,
1409 2091 1527 2140 laboranti
1539 2092 1706 2142 volviturviro
1716 2091 1794 2144 simib
1903 2137 1908 2146 .
1980 2101 1981 2108 ’

329 2166 445 2228 εἴδωλον.
463 2165 493 2226 ιδ
505 2167 553 2244 μέν
564 2167 633 2234 οὔτις
644 2166 780 2226 ἐπίσταται
792 2167 910 2246 ἀμφαδὸν
923 2170 1011 2238 εἰπεῖν,
1150 2178 1241 2238 signum
1253 2177 1332 2239 :quod
1341 2178 1439 2240 quidem
1448 2192 1519 2228 nemo
1529 2179 1574 2228 scit
1586 2179 1715 2230 manifesto
1726 2179 1822 2239 moue,

289 2275 316 2314 σε
329 2253 382 2312 οὐδΙ
393 2252 455 2312 ότινι
469 2254 598 2334 κρέμαται
609 2258 691 2321 κεῖνος
702 2253 789 2332 πόνῳ,
802 2252 871 2310 ἀλλά
881 2276 924 2328 μιν
936 2253 1019 2318 αὐτοις
1150 2278 1228 2326 neque
1236 2266 1276 2312 cui
1288 2265 1411 2314 incumbet
1420 2266 1461 2314 ille
1470 2265 1560 2326 lsbon';
1570 2266 1612 2314 sod
1621 2265 1700 2328 ipsum
1712 2267 1749 2316 sic

329 2339 367 2400 ’E
375 2341 527 2418 γγόνασιν
539 2339 670 2399 καλέουσι.
696 2338 726 2397 τὸ
741 2339 763 2396 δ’
777 2330 872 2396 οὐτ’έν
887 2339 993 2414 γούνασι
1007 2339 1105 2411 κάμνον
1151 2352 1265 2412 lingonesi
1279 2355 1384 2413 vocaut3
1399 2356 1436 2400 eet
1444 2355 1524 2401 autem
1535 2352 1675 2413 ingennbus
1686 2353 1803 2402 laborans

329 2428 463 2497 ὀκλάζοντι
477 2425 568 2485 έσικιν·
580 2427 627 2484 ἀπ’
639 2424 789 2505 ἀμφοτέρων
804 2424 831 2482 δέ
842 2428 866 2482 ol
879 2424 958 2502 ώμων
1149 2439 1294 2500 geniculeuti
1305 2438 1397 2500 siniile;
1411 2453 1482 2501 super
1492 2439 1610 2489 ambobus
1622 2453 1679 2488 vero
1687 2442 1712 2490 ei
1725 2440 1831 2490 humeris

328 2519 414 2594 χεῖρες
428 2515 570 2594 σἰιίρονται·
585 2511 692 2571 τάνυταί
705 2535 734 2589 γε
747 2511 792 2588 μέν
806 2511 909 2579 άλλυδις
921 2512 989 2583 άλλη
1150 2539 1235 2574 manus
1248 2527 1386 2586 deventum
1396 2525 1540 2576 distenditur
1548 2527 1645 2588 quidem
1657 2529 1791 2578 altrorsum
1800 2527 1867 2575 altera

329 2599 406 2661 όσσον
420 2605 461 2659 ἐπ’
473 2599 587 2679 ἀργυιήν·
601 2599 690 2678 μέσσῳ
702 2599 724 2656 δ’
740 2598 865 2680 έφόπερθε
877 2597 982 2678 καρήνῳ
1150 2615 1266 2674 quantum
1276 2613 1306 2661 ad
1317 2627 1431 2662 manuum
1441 2627 1550 2675 pessum
1561 2614 1639 2664 medio
1651 2628 1709 2664 vero
1720 2628 1792 2678 super
1802 2615 1870 2674 capite

290 2703 317 2743 νο
330 2685 455 2768 δεξιτερού
470 2687 545 2752 ποδὸς
558 2686 635 2767 άκρον
646 2683 702 2765 έχιι
714 2687 828 2774 σκσλροίο
841 2684 995 2764 Δράκοντος.
1151 2699 1228 2749 θενῑιί
1238 2700 1304 2762 μεθίει
1313 2701 1390 2750 imum
1399 2701 1471 2750 babet
1481 2701 1583 2751 tortuosi
1596 2703 1725 2752 brenonis.

370 2777 454 2834 .θύτού
467 2777 584 2840 κάκεῖνος
598 2771 783 2853 Στέφανος,
795 2771 838 2830 τύν
852 2772 949 2849 ἀγανὸν
958 2771 1047 2844 έθηκεν
1182 2786 1274 2836 Ibidem
1287 2790 1311 2835 et
1320 2786 1361 2835 ills
1370 2791 1478 2849 Corona,
1490 2801 1564 2849 quam
1575 2788 1683 2846 lucidum
1693 2789 1776 2852 posuit

331 2864 394 2938 σῆμ’
408 2860 498 2938 ίμεναι
510 2859 632 2926 Διόνυσος
646 2857 819 2938 ἀποιχομένης
828 2858 974 2940 Ἀριάδνης,
1151 2874 1242 2936 siguum
1254 2878 1282 2923 ut
1291 2878 1352 2924 esset
1362 2876 1469 2924 Bacchus
1480 2875 1602 2926 morielab's
1611 2875 1734 2940 Arisdm,

330 2946 403 3027 νώτῳ
417 2945 605 3027 θποστρίφεται
619 2945 762 3022 κεκμηότος
774 2943 898 3004 εἰδώλοιο.
1151 2963 1217 3021 tergo
1230 2960 1378 3009 subvolvilur
1390 2960 1519 3011 lalmrautis
1527 2963 1593 3012 ostri.

370 3034 455 3117 Νώτῳ
468 3033 514 3111 μέν
529 3033 660 3114 Στέφανος
673 3033 777 3106 illidet,
789 3035 889 3114 κεφαλῇ
904 3058 933 3111 γε
948 3032 995 3110 μέν
1010 3031 1077 3112 ἄκρῃ
1181 3051 1257 3108 Tergo
1267 3048 1364 3110 quidem
1375 3052 1468 3096 corone
1480 3049 1558 3098 ricino
1567 3053 1616 3110 est,
1629 3053 1701 3112 ceput
1713 3065 1773 3100 vero
1781 3057 1885 3098 summum

289 3143 316 3186 π
331 3121 442 3181 σκέπτεο
453 3123 507 3202 πάρ
520 3120 636 3203 κεφαλὴν
647 3119 811 3200 Ὀφιοόχεον,
825 3123 854 3178 ἐκ
869 3121 890 3178 δ’
902 3119 944 3200 ἄρ’
956 3120 1053 3194 ἐκείνης
1149 3136 1219 3196 juxta
1230 3135 1329 3184 observo
1339 3136 1410 3196 mput
1419 3136 1620 3197 Serpeatorii;en
1630 3136 1671 3186 illo
1681 3137 1739 3188 inde

331 3208 407 3268 αὐτὸν
420 3206 593 3290 έπιφράσσαισ
604 3205 771 3289 φαεινόμενον
785 3208 818 3268 'O
826 3231 843 3288 φ
851 3232 859 3265 ι
866 3213 901 3265 οὐ
908 3231 975 3287 χον·
1151 3222 1229 3283 ipsum
1242 3221 1403 3282 deprehendes
1412 3221 1468 3271 licet
1480 3221 1630 3284 splendidum
1640 3223 1834 3286 sementerium:

331 3295 395 3354 τοῖοί
406 3297 430 3353 οί
443 3294 545 3374 κεφαλῇ
558 3294 722 3369 ὑποκείμεναι
737 3293 829 3372 ἀγλαοί
843 3285 910 3372 ώμοι
1151 3309 1210 3358 tales
1219 3309 1291 3370 ipsius
1298 3308 1370 3370 oepiti
1376 3308 1527 3370 subjacentes
1538 3310 1597 3359 oleri
1604 3310 1698 3360 humeri

331 3382 449 3443 είδονται.
462 3381 540 3442 κεῖνοί
550 3404 582 3460 γι
592 3382 638 3441 καὶ
651 3381 682 3440 ἀν
694 3381 816 3461 διχόμηνι
830 3381 925 3461 σελήνῃ
1151 3398 1271 3457 apparent.
1304 3395 1335 3444 lli
1343 3395 1442 3457 quidem
1452 3395 1523 3444 etism
1536 3397 1606 3458 plena
1615 3395 1674 3445 luna

332 3469 438 3529 ιίσωπολ
449 3467 584 3528 τελέθοιεν·
595 3467 663 3548 ἀτάρ
676 3468 750 3548 χέρες
763 3471 792 3527 οὐ
805 3469 876 3544 μάλα
887 3460 959 3526 ἶσαι·
1152 3481 1272 3543 conspicui
1281 3485 1374 3542 eoseum
1387 3481 1429 3531 sed
1437 3495 1523 3532 manus
1532 3495 1581 3532 nou
1594 3481 1725 3532 admodum
1736 3481 1848 3544 aequales:

291 3578 318 3617 eu
330 3556 413 3626 λεπτὴ
424 3555 474 3636 γάρ
485 3555 531 3615 καὶ
541 3560 575 3636 τῇ
584 3555 629 3614 καί
639 3560 671 3634 τῇ
682 3555 847 3633 ἐπιδέδρομεν
858 3555 946 3632 αίγλη.
1151 3570 1229 3617 lenuis
1242 3582 1347 3632 nemque
1356 3569 1412 3618 biae
1422 3571 1447 3618 et
1455 3569 1512 3618 inde
1520 3582 1560 3618 eas
1568 3570 1688 3632 percurrit
1703 3569 1815 3632 splendor
1827 3585 1834 3613 ι

332 3645 388 3704 ἀλλ’
401 3645 486 3720 lupo<
497 3647 616 3704 κάκεῖναι
630 3643 748 3725 ἀπόψιαι·
761 3645 789 3702 οὐ
806 3643 855 3722 γὰρ
870 3643 989 3721 ἐλαφραί.
1152 3658 1256 3705 ettamen
1265 3657 1337 3706 eliam
1346 3657 1395 3706 illae
1405 3656 1615 3719 contemplabilem
1624 3670 1674 3707 non
1682 3658 1748 3708 enim
1763 3658 1821 3707 sunl
1831 3655 1904 3700 tuus
1980 3625 1981 3712 ί

331 3732 475 3814 ἀμφότεραι
485 3731 506 3790 δ’
519 3729 613 3813 Ὄφιος
626 3731 809 3804 πεπονιίαταν,
825 3729 851 3796 ὅτ
866 3731 898 3812 ῥά
914 3755 942 3788 τε
957 3730 1051 3806 μέσσον
1153 3744 1236 3793 ambre
1245 3745 1325 3793 eutem
1337 3747 1450 3807 serpente
1459 3745 1597 3806 fatigantur,
1608 3745 1651 3809 qui
1661 3745 1761 3808 quidem
1770 3742 1864 3793 medium

331 3818 422 3879 δινεόει
435 3819 584 3900 Ὀφιοῦχον·
596 3823 610 3878 θ
622 3820 645 3876 δ’
657 3817 765 3893 ἐμμενές
780 3807 808 3876 εὐ
819 3818 954 3897 ἐπαρηρὼς
1151 3831 1252 3880 involvit
1261 3831 1452 3894 serpentarium;
1463 3832 1502 3880 hic
1513 3845 1570 3881 vero
1579 3833 1717 3882 constanter
1724 3823 1906 3896 aptequeinnius

237 3955 243 3968 .
330 3907 422 3966 ποσσίν
437 3904 564 3965 έπιθλίόει
579 3905 647 3982 μέγα
658 3903 745 3984 θηρίον
760 3903 950 3984 ἀμφοτέροισιν,
1151 3917 1250 3980 pedibus
1262 3919 1398 3980 comprimit
1406 3932 1516 3981 magnum
1526 3921 1600 3968 leram
1609 3919 1740 3984 ambobus,

289 4017 317 4054 as
331 3993 502 4076 Σκορπίον,
516 3993 643 4074 ὀφθαλμώ
656 4014 686 4050 τε
699 3989 745 4049 καί
757 3993 783 4048 ἐν
795 3991 892 4069 θώρηκι
906 3991 1023 4070 βεόηκὼς
1152 4005 1485 4068 scorpium,oculoqueelin
1498 4009 1594 4068 pectore
1605 4006 1701 4056 caleam

331 4079 412 4162 ὀρθός.
433 4079 500 4158 ἀτάρ
513 4082 537 4138 ol
551 4076 617 4158 ’οφ
626 4102 654 4145 ις
667 4101 697 4155 γε
711 4077 756 4136 δύο
772 4079 908 4158 στρέφεται
925 4079 991 4154 μετὰ
1005 4079 1105 4160 χερσίν,
1151 4095 1240 4141 rectus.
1253 4091 1299 4141 sed
1310 4083 1331 4140 ei
1341 4077 1534 4155 Serpeasambas
1544 4094 1806 4158 volviturpermnnus,

331 4166 443 4248 δεξιτερῇ
453 4166 552 4245 ὀλίγος,
562 4171 641 4243 σκαιῇ
652 4189 681 4239 γε
694 4165 741 4240 μέν
752 4165 827 4244 ὑψόθι
836 4167 938 4232 πολλός.
1152 4180 1273 4229 dexteram
1289 4180 1411 4243 modicus,
1421 4181 1541 4231 sinistram
1556 4195 1613 4230 vero
1622 4194 1724 4245 superne
1736 4181 1831 4231 mullus

331 4255 375 4314 καί
387 4255 418 4325 δή
431 4257 455 4313 σί
468 4253 595 4335 Στεφάνῳ
607 4251 798 4333 παρακέκλιται
810 4251 877 4333 άκρα
889 4253 987 4331 γένεια·
1152 4271 1230 4330 Atque
1244 4269 1295 4328 eius
1303 4270 1422 4316 domnam
1432 4270 1679 4333 ottinguutsupremm
1691 4283 1760 4332 geme
1773 4290 1779 4319 :

332 4341 407 4400 νειόθι
421 4340 448 4401 δέ
464 4342 571 4420 σπείρης
583 4337 696 4417 μεγάλας
706 4340 828 4416 ἐπιμαίεο
841 4341 934 4410 Χηλά
942 4366 963 4407 ς.
1152 4355 1233 4403 subter
1247 4356 1334 4416 spiram
1343 4358 1426 4404 sutem
1436 4369 1536 4416 magnes
1547 4357 1640 4418 inquire
1649 4357 1751 4419 cbeles;

294 4452 320 4493 ce
335 4428 393 4488 ἀλλ’
407 4432 435 4488 σί
449 4428 497 4507 μέν
510 4428 596 4510 φαέιιιν
611 4427 737 4495 ἐπιδευέες
748 4427 820 4486 οὐδέν
836 4429 941 4506 ἀγαυοί.
1152 4442 1193 4490 sod
1202 4441 1240 4490 bie
1251 4441 1348 4504 quidem
1356 4443 1474 4492 luminum
1484 4443 1583 4504 indiges,
1597 4455 1750 4508 amnequem
1761 4435 1880 4506 splendide.
1980 4451 1981 4456 ¹

370 4515 504 4584 Ἐίόπιθεν
518 4519 541 4574 δ’
554 4516 661 4589 Ἑλίκης
671 4516 775 4596 φέρεται
787 4514 889 4574 έλάοντι
901 4514 989 4581 ἐοικὼς
1182 4531 1214 4578 st
1222 4533 1274 4590 post
1285 4529 1381 4579 llelicen
1389 4529 1558 4579 circumfertur
1569 4531 1686 4592 arroganti
1694 4529 1778 4580 cimilia
1980 4495 1981 4528 ¹

332 4601 560 4682 Ἀρκτοφόλαξ,
576 4602 620 4660 τόν
633 4601 655 4682 ρ’
671 4600 759 4681 ἄνδρες
772 4601 928 4660 ἐπικλείουσι
941 4601 1080 4677 Βοώτην,
1150 4616 1328 4677 Arctophylax,
1340 4629 1413 4679 quem
1422 4616 1520 4678 quidem
1528 4617 1637 4668 homiues
1643 4617 1810 4679 cognominant
1818 4609 1902 4662 soom.

332 4686 415 4768 οὕνεχ’
429 4687 559 4764 ἁμαξοίης
573 4686 741 4768 ἐπαφώμενος
755 4688 850 4746 εἴδεται
863 4687 981 4768 Ἄρκτου.
1152 4715 1180 4752 eo
1194 4703 1258 4764 quod
1270 4703 1404 4765 plaustrum
1416 4707 1564 4754 contrectare
1573 4705 1669 4756 videtur
1678 4707 1754 4756 Ursm.
1980 4683 1981 4688 Ἰ

332 4774 376 4834 καί
392 4773 462 4850 μάλα
477 4783 527 4841 πᾶς
542 4775 676 4854 ἀρίδηλος·
691 4775 741 4834 ὐπὸ
755 4774 822 4856 ζώνῃ
836 4775 863 4834 δέ
874 4780 897 4834 οἱ
911 4778 987 4845 αὐτὸς
1152 4793 1229 4850 Atque
1238 4793 1303 4838 tolus
1311 4791 1380 4839 valde
1391 4791 1533 4854 conspicuus
1545 4796 1583 4842 eat
1593 4808 1602 4840 :
1611 4793 1656 4844 sub
1668 4787 1868 4846 ωοενειοάῖθὲθ

294 4891 318 4930 ²5
331 4862 356 4930 ἐξ
370 4861 456 4921 άλλων
471 4861 608 4940 ’λρκτοῦ
617 4885 669 4941 ρος
683 4863 813 4922 ἑλίσσεται
827 4865 948 4940 ἀμφαδὸν
964 4866 1059 4945 ἀστήρ.
1152 4889 1200 4938 prm
1214 4877 1388 4927 allicereturus
1397 4879 1545 4943 obvolvitur,
1558 4880 1638 4929 lucida
1650 4881 1728 4930 stella.

371 4947 549 5030 Ἀμφοτέροισι
560 4949 587 5006 δέ
598 4949 690 5008 ποσσὶν
703 4951 872 5008 ὐπσσκέπτειο
885 4950 995 5013 Βοώτεω
1183 4967 1272 5012 vorum
1289 4965 1406 5014 ambobus
1418 4965 1465 5016 sub
1474 4966 1575 5028 pedibus
1585 4967 1712 5018 observato
1725 4971 1803 5017 soom

334 5041 357 5098 Π
368 5062 384 5095 α
393 5036 446 5116 ρθί
451 5059 511 5108 νον,
522 5034 540 5108 ἥ
552 5039 575 5116 ρ’
588 5039 615 5095 έν
627 5037 703 5118 χερσί
715 5037 785 5118 φέρει
797 5039 903 5118 Στάχυν
916 5039 1064 5115 αἰγλήεντα.
1150 5051 1271 5111 Virginem
1280 5088 1288 5112 ,
1297 5065 1354 5113 quie
1367 5053 1391 5101 iu
1400 5053 1513 5103 menibus
1521 5055 1581 5116 perit
1590 5056 1685 5118 spicam
1695 5054 1842 5118 splendidam·

333 5124 377 5182 ιίτ’
392 5115 435 5183 οὐν
450 5122 585 5204 Ἀστραίου
597 5125 668 5197 κείνη
680 5125 752 5201 γένος
756 5170 764 5199 ,
776 5122 804 5183 όν
815 5127 848 5207 poi
861 5125 890 5184 τί
902 5149 978 5206 φασιν
1127 5114 1130 5160 3
1152 5138 1206 5187 sive
1220 5137 1291 5199 igitur
1300 5139 1386 5188 senei
1393 5137 1435 5189 ille
1443 5141 1531 5203 proles,
1538 5153 1612 5204 quem
1620 5141 1718 5204 quidem
1727 5141 1804 5191 lerum
