3992 6078
354 460 408 512 ll⁸

402 583 448 642 at'
463 581 568 661 οὐγγίας
579 585 617 662 τῷ
630 582 709 640 παντί
722 581 864 657 κατάμιξσν
883 585 1001 662 σταθμῷ,

401 682 465 743 Τοῖς
476 680 498 735 θ’
513 676 573 735 ἁλσί
585 675 629 735 καί
642 680 679 756 τῷ
695 677 781 753 μέλιτι
793 681 831 757 τῷ
842 677 864 734 τ’
877 677 1059 758 όποόαλσάμιρ

352 787 388 824 ren
404 765 583 832 Συνεκλεάνας
595 765 721 845 πρότερον
736 765 859 844 αὖτάρκει
869 767 963 846 χρόνῳ·

403 853 482 912 Οὕτω
493 853 514 911 θ’
525 851 624 920 ἑνώσας
636 853 723 911 πάντα
736 854 769 911 τὰ
782 854 973 935 προειρημένα,

403 945 448 1008 Εἰς
458 941 541 1010 πυξίδ
552 940 663 1013 ἀπόθου,
673 938 691 1012 ἢ
703 944 738 1007 είς
749 942 827 1020 ἄγγος
837 945 941 1014 θελυῦν,

404 1029 467 1088 Ἀπὸ
479 1033 530 1088 τῶν
547 1029 693 1109 βαλανείων
707 1031 807 1106 μᾶλλον
819 1031 891 1110 αὐτῷ
903 1028 1046 1107 χριόμενος.

405 1209 513 1266 Βασιλεῖ
525 1207 552 1266 δὲ
565 1211 647 1266 ποιῶν
660 1208 704 1266 καὶ
719 1207 842 1287 σεὸάστιρ
858 1207 1022 1285 μυράκοιτον,

352 1315 388 1354 ιιι
402 1293 518 1364 Σκεόαζε
533 1300 617 1376 ῥᾷστα
630 1301 705 1354 τοῦτο
719 1295 763 1353 καί
774 1295 855 1374 χωρίς
865 1293 961 1372 πυρὸς,

402 1383 488 1463 Ἔχον
502 1382 691 1460 όποὸαλσάμοιι
705 1381 798 1461 μέτρον
814 1387 848 1448 ὡς
859 1386 926 1460 τρεῖς
938 1383 1054 1460 οὖγγίας,

406 1473 460 1532 Καὶ
475 1478 520 1531 τοῦ
535 1472 675 1551 κρατίστου
691 1472 722 1543 δὴ
738 1470 910 1550 μαλαόάθρου
923 1471 1029 1549 οὖγγίας

404 1560 598 1621 Πεντεκαίδεκα
608 1585 614 1599 ·
625 1558 794 1638 κινναμώμου
809 1565 855 1617 τοῦ
869 1563 951 1618 καλοῦ
966 1560 1074 1617 ταύτόν·

408 1652 498 1729 Κηροῦ
511 1651 535 1708 δ’
546 1650 661 1727 ἀνόσμου
675 1648 833 1708 λευκοτάτου
846 1648 967 1726 δραχμὰς
981 1647 1054 1708 δέκα.

354 1759 389 1799 170
404 1737 521 1804 Σκεόαζε
531 1739 553 1797 δ’
565 1738 629 1797 αὐτό
639 1736 767 1815 (obsonii
781 1735 953 1814 μαλαὸάθρου
963 1735 1047 1815 τρίτον
1060 1735 1135 1815 μέρος

405 1827 458 1886 Καὶ
472 1827 551 1906 κηρὸν
565 1829 601 1893 εἰς
613 1825 739 1905 ἐλάχιστα
750 1823 983 1900 κατατετμημένον

406 1917 451 1981 Εἷς
464 1917 591 1994 ἀργυροῦν
606 1913 723 1990 ἔμὸαλλε
738 1913 834 1972 λεπτὸν
847 1912 956 1993 φιάλιον·

406 2001 495 2072 Τήξας
510 2004 550 2082 ἐφ’
563 2000 655 2068 ὕδατος
667 2001 840 2082 θερμοτάτυυ,
854 2000 936 2081 ψύξας
950 1999 1035 2076 ξόσον,

405 2090 459 2149 Καὶ
472 2089 629 2172 προσόαλὼν
643 2089 698 2169 [τά]
713 2089 760 2148 λεῖ’
772 2091 797 2148 ἐν
808 2094 845 2170 τῷ
857 2087 1038 2167 ὀποόαλσάμῳ

354 2199 390 2239 ινα
405 2176 459 2238 Καί
472 2177 633 2257 κινναμώμῳ
644 2178 718 2258 τρῖὸε
733 2178 822 2247 πάλιν,
836 2181 899 2234 ἑνῶν
913 2177 996 2246 ἅπαν,

404 2265 445 2324 Τό
458 2288 487 2322 τε
498 2265 588 2324 λοιπδν
602 2267 688 2334 αὐτοῖς
703 2265 874 2344 μαλάόαθρον
890 2261 1056 2344 παρεγχέας,

753 451 957 510 anpamlor
978 449 1267 510 ΔΑΜΟΚΡΑἸῸΥΣ
1288 451 1339 508 ΤΑ
1362 449 1550 508 animant.

1179 596 1241 642 cum
1257 591 1355 652 saleque
1364 589 1483 650 melleque
1493 589 1588 650 insuper
1596 589 1740 650 opobalsamo

1182 680 1328 740 blarignies,
1341 692 1390 740 quo
1403 679 1459 726 satis
1471 678 1517 726 erit
1530 681 1651 740 tcmpore;

1180 771 1267 830 sicque
1278 769 1358 816 omnia
1369 767 1434 816 dicta
1446 767 1470 815 in
1482 780 1558 814 unum
1571 780 1647 829 quum
1659 767 1774 828 redegeris,

1182 860 1207 905 ln
1219 856 1332 918 pyxidem
1341 858 1384 904 ant
1393 869 1436 904 ras
1446 855 1552 903 vitreum
1562 855 1671 918 reponite
1677 873 1684 916 ς

1180 949 1199 994 a
1208 943 1299 994 balneis
1308 944 1334 993 in
1346 957 1417 992 usum
1432 943 1512 1006 potius
1522 941 1614 994 ducito.

1180 1200 1241 1248 Cum
1257 1197 1305 1258 regi
1315 1197 1387 1246 iacies
1397 1197 1530 1260 principiae
1545 1209 1706 1259 myracopon,

1182 1285 1294 1335 Perfacile
1303 1285 1341 1334 vel
1351 1299 1409 1347 para
1418 1285 1479 1346 ignis
1490 1285 1541 1334 siue
1550 1285 1694 1334 commercio

1181 1376 1292 1422 Mensura
1301 1373 1448 1433 opobalsami
1459 1373 1515 1421 iude
1526 1375 1606 1422 ternas
1617 1373 1710 1432 uncias,

1182 1465 1210 1510 lit
1221 1462 1306 1523 optimi
1320 1461 1464 1510 malabathri
1477 1459 1614 1523 quindecim
1627 1461 1723 1523 nucies;

1183 1552 1211 1598 at
1221 1549 1367 1597 cinnamomi
1376 1548 1520 1598 tantundem
1531 1548 1588 1597 boni
1599 1561 1669 1612 cape,

1182 1641 1297 1699 ceraeque
1306 1651 1354 1686 nou
1365 1638 1454 1687 olentis
1463 1637 1641 1686 candidissime

1183 1727 1297 1775 Denarios
1308 1725 1400 1774 decem.
1411 1726 1451 1775 Sic
1460 1725 1540 1786 ipsum
1551 1739 1658 1786 praepare
1670 1743 1677 1773 ε

1183 1816 1275 1864 l‘artem
1288 1813 1434 1862 malabathri
1443 1815 1541 1862 tertiam
1552 1818 1576 1861 et
1586 1826 1666 1861 ceram
1676 1823 1764 1874 quoquc

1183 1903 1308 1952 Concisam
1321 1903 1398 1951 multa
1409 1903 1434 1951 in
1444 1903 1546 1951 frustula
1557 1902 1712 1951 minutissime

1184 1995 1299 2053 argentea
1312 1991 1392 2053 phiala
1403 1990 1428 2040 in
1440 1991 1507 2040 tenni
1517 1989 1652 2040 recondito.

1184 2083 1252 2139 aqna
1261 2077 1354 2125 calente
1366 2076 1498 2138 plurimum
1509 2078 1537 2125 ut
1546 2075 1690 2139 liquaveris,

1183 2169 1264 2226 ipsum
1277 2165 1429 2226 refrigerato,
1442 2164 1528 2213 delude
1539 2164 1630 2225 radito;

1183 2256 1245 2302 Tum
1262 2253 1333 2302 laevia
1343 2252 1447 2315 iungens
1459 2266 1540 2301 rursus
1555 2253 1578 2300 in
1590 2252 1738 2314 opobalsamo

1185 2343 1214 2390 at
1223 2341 1391 2400 cimaamomo,
1406 2344 1486 2390 tutum
1498 2345 1596 2390 contere
1610 2341 1706 2399 uniens,

1184 2429 1303 2492 Quodque
1314 2431 1391 2478 restat
1401 2431 1458 2492 ipsis
1469 2429 1645 2491 supratnndene
1655 2425 1810 2477 malobathrum

1183 2520 1272 2568 Terens
1284 2519 1383 2568 adnuito
1397 2518 1520 2575 manibus;
1533 2517 1568 2566 sic
1581 2517 1679 2567 condito

1186 2611 1211 2656 ln
1225 2619 1268 2656 ras
1282 2609 1431 2668 argenteum,
1444 2607 1533 2654 vitrum
1546 2605 1585 2654 rei
1596 2605 1709 2666 crassius3

1185 2697 1224 2744 Sic
1236 2709 1340 2757 namque
1354 2697 1407 2744 tuto
1419 2693 1519 2744 babebis
1527 2707 1622 2756 semper
1632 2695 1785 2756 pharmacum.

1185 2781 1243 2834 ita
1256 2786 1368 2833 trientem
1376 2783 1443 2833 librae
1455 2782 1529 2830 addas
1539 2781 1672 2844 Gangitidie

1186 2873 1271 2934 bardi,
1283 2872 1432 2922 medicamen
1442 2871 1527 2920 reddes
1539 2870 1609 2932 louge
1620 2871 1716 2920 suarim

1186 2962 1389 3022 prudentiusque
1398 2960 1429 3008 ad
1440 2959 1501 3007 vitia
1514 2957 1593 3007 adbuc
1606 2957 1708 3007 recentia

1185 3050 1346 3112 Syucbrisma.
1357 3049 1545 3100 Ginnamomum
1555 3047 1599 3096 tibi
1608 3047 1633 3095 ni
1646 3046 1761 3108 suppetat.

1185 3139 1285 3188 Minimo
1296 3138 1365 3200 pejus
1373 3137 1471 3200 quidem
1485 3135 1598 3198 habebis,
1613 3137 1715 3184 attamen
1729 3133 1805 3181 bunun

1186 3227 1238 3277 Alio
1250 3225 1317 3275 omni
1328 3227 1353 3275 et
1364 3225 1441 3274 multo
1453 3237 1583 3286 myracopo
1594 3223 1748 3285 ρτωαιιιιιῑίιιι.

1187 3318 1216 3364 at
1225 3316 1244 3363 si
1256 3328 1375 3377 proponas
1387 3313 1410 3362 id
1420 3313 1500 3362 tacere
1511 3312 1633 3361 efficacius

1187 3403 1222 3452 Ad
1232 3417 1293 3464 qnos
1305 3403 1376 3452 retuli
1391 3402 1463 3450 modo
1476 3402 1592 3463 allectus,
1604 3399 1714 3450 Atlantici

1186 3492 1315 3553 Enpliorbii
1324 3492 1409 3554 junges
1421 3493 1528 3552 quatuor
1540 3489 1664 3551 denarios;

1187 3584 1247 3630 Nam
1261 3583 1295 3629 sic
1306 3581 1351 3628 erit
1360 3592 1434 3628 snare
1447 3591 1492 3627 nec
1504 3577 1629 3636 inefficax,

1187 3669 1235 3718 Etsi
1249 3667 1409 3717 medicamina
1425 3667 1537 3728 pauciora
1548 3666 1666 3714 continet.

1188 3757 1350 3818 cognovimns
1363 3755 1480 3818 quosdam
1491 3755 1526 3803 nti
1541 3753 1625 3803 multis
1638 3751 1770 3815 pinguibus,

1188 3842 1291 3891 Medulla
1303 3841 1362 3892 item
1372 3841 1462 3900 multa,
1475 3840 1555 3888 succis
1566 3842 1700 3888 aromatum

1188 3916 1378 3992 Quorumdam,
1389 3927 1530 3991 ungnentis,
1544 3927 1665 3991 aliquibus
1678 3929 1701 3976 et
1712 3924 1771 3982 aliis;

1188 4021 1280 4076 Quibus
1290 4023 1374 4068 contra
1386 4032 1458 4079 usus,
1467 4018 1566 4078 cognovi
1579 4031 1631 4066 esse
1640 4017 1695 4066 talia

1190 4108 1330 4171 Expertium
1340 4107 1397 4156 boni
1410 4105 1510 4167 quinon
1522 4105 1676 4168 probaverint

404 2356 429 2412 Τ
431 2353 510 2432 ρίόων
522 2351 617 2411 ἕνωσον
631 2354 732 2433 χερσίν,
745 2352 813 2412 οὕτω
827 2357 849 2410 τ’
863 2352 986 2410 ἀποτίθου

407 2445 451 2508 Εἰς
462 2444 590 2521 ἀργυροῦν
606 2442 741 2520 σκευάριον
756 2441 773 2511 ἢ
789 2440 861 2518 παχὺ
876 2443 978 2498 ὓελοῦν·

405 2528 484 2589 Οὕτω
498 2528 549 2608 γὰρ
560 2528 623 2597 tter<
637 2531 762 2608 ἀσφαλῶς
775 2528 805 2588 τὸ
820 2527 970 2609 φάρμακον.

355 2641 392 2678 ιιι)
406 2618 502 2699 Τρίτον
519 2620 546 2677 δὲ
559 2617 649 2697 λίτρας
663 2617 821 2698 προσὸαλὼν
837 2620 998 2695 Γαγγιτικῆς

408 2705 513 2787 Νάρδου
523 2705 655 2777 ,ποιήσεις
669 2703 825 2784 γλυκύτερον
838 2704 868 2761 τὸ
880 2704 1019 2784 φάρμακον

409 2794 461 2854 Καί
476 2802 594 2875 κρεῖσσον
610 2793 673 2875 πρὸς
687 2792 733 2860 τὰς
745 2789 872 2858 διαθέσεις
885 2792 930 2858 τὰς
943 2793 1106 2870 προσφάτους

408 2881 566 2963 Σάγχρισμ’.
579 2881 625 2942 Ἂν
639 2880 675 2957 μὴ
689 2881 760 2960 πάρῃ
773 2881 939 2956 κινάμωμον,
953 2884 982 2938 οὐ
999 2879 1097 2958 βαλὼν,

406 2969 493 3038 Ἕξεις
508 2971 653 3049 ἐλαχίστως
668 2977 754 3045 μεῖον,
767 2969 825 3027 ἀλλ’
840 2967 911 3045 ὅμως
923 2969 1003 3026 καλὸν

357 3079 392 3117 aas
408 3059 462 3118 Καί
472 3059 568 3125 παντὸς
578 3058 659 3116 ἄλλου
674 3056 827 3138 μυρακόπου
843 3065 962 3136 κρεῖσσον
975 3057 1053 3116 πολύ.

408 3149 440 3206 Εἰ
454 3147 476 3204 δ’
489 3147 550 3206 αὐτὸ
564 3146 652 3226 βούλει
664 3154 748 3204 ποιεῖν
765 3143 971 3225 δραστικώτερον

408 3234 479 3314 Πρὸς
494 3235 522 3302 δίς
537 3236 662 3314 προεῖπον
677 3231 821 3305 διαθέσεις,
837 3232 1003 3293 Ἀτλαντικοῦ

409 3323 555 3405 Εὖρορόίου
571 3322 726 3402 πρόσὸαλλε
742 3320 864 3402 δραχμάς
876 3321 1019 3402 τέσσαρας·

411 3410 509 3472 Ἔσται
521 3410 572 3490 γάρ
583 3409 662 3476 οὕτως
674 3409 723 3480 ἡδὺ
737 3410 782 3467 καί
793 3409 960 3491 δραστήριον,

359 3519 395 3561 10⁰
412 3498 469 3560 lito
484 3491 544 3578 ᾖδί
555 3499 648 3575 ὀλίγων
662 3497 800 3576 μιγμάτων
815 3498 995 3576 συγκείμενον.

409 3587 490 3654 Τινδις
504 3589 528 3648 δ’
540 3586 656 3666 ἕπε’γνων
671 3589 761 3646 στίασι
776 3590 882 3654 πολλοῖς
893 3587 1060 3667 χρωμένους,

411 3678 527 3742 Μυελοῖς
541 3699 569 3733 τε
582 3677 688 3742 πολλοῖς
698 3676 743 3733 καί
761 3698 837 3734 τινων
853 3675 1000 3754 ἀρωμάτων

410 3767 500 3831 Ὀποῖς
516 3763 601 3822 τεκαὶ
616 3762 721 3843 μόροισι
733 3763 778 3821 καί
793 3763 888 3843 ἑτέροις
902 3763 979 3834 τισίν,

408 3845 456 3920 Οἷς
468 3861 548 3911 πᾶσιν
562 3851 653 3928 ἀμέλει
667 3851 833 3933 χρησάμενος
847 3851 927 3929 ἔγνων
943 3849 982 3908 ὅτι

360 3963 395 4001 ina
411 3934 647 4020 Ἀπειροκάλωντδι
661 3937 828 3996 ruretenent
842 3941 879 4014 μὴ
895 3941 1050 4016 κεκρικότων

409 4028 453 4089 Τά
470 4027 580 4107 μίγματ’
591 4026 646 4085 ἐστὶ
658 4026 705 4094 τάς
715 4029 738 4084 θ’
752 4027 840 4092 ἁπλᾶς
854 4027 952 4085 τούτων
963 4027 1060 4107 φύσεις.

357 4144 427 4206 (Sec.
442 4155 495 4204 gen.
509 4144 565 4202 vn,
582 4146 607 4190 Ι).
622 4143 643 4189 ll
656 4154 678 4202 p.
691 4139 844 4200 itt-tta.)

1189 4197 1348 4246 Medicamiua
1362 4197 1406 4244 aut
1417 4197 1517 4244 naturas
1528 4193 1616 4243 horum
1630 4191 1751 4258 simplices.

669 4311 842 4338 -00000—
1510 4320 1666 4344 ...κ’-

634 4453 658 4510 Η
680 4450 864 4509 ΘΗΡΙΑΚΗ.
1478 4455 1685 4514 nubamus.

1190 4602 1303 4653 Antidota
1316 4605 1450 4665 praeparata
1460 4601 1549 4650 babere
1562 4605 1587 4651 te
1597 4600 1667 4650 decet

1190 4697 1279 4745 contra
1289 4694 1350 4742 ieras
1364 4705 1448 4741 omues
1460 4704 1554 4741 veneno
1564 4693 1691 4754 pessimas,

1191 4787 1301 4842 Quarum
1312 4785 1405 4843 reperta
1417 4795 1468 4829 esse
1475 4783 1500 4830 et
1509 4780 1624 4830 videntur
1632 4779 1710 4842 grstia:

1190 4873 1232 4922 llis
1242 4876 1265 4922 et
1277 4871 1375 4919 venenis
1388 4869 1471 4919 obvies
1480 4869 1608 4930 letalibus,

1191 4964 1227 5012 lili
1240 4959 1483 5023 propinansantccni
1495 4960 1575 5007 metus
1587 4957 1669 5006 subest

1191 5055 1225 5100 Ne
1234 5048 1290 5111 quid
1303 5047 1389 5096 veneni
1399 5047 1490 5108 ceperit
1502 5046 1602 5095 mistum
1617 5045 1675 5094 cibis

1193 5141 1240 5187 aut
1251 5139 1303 5196 post
1315 5137 1397 5196 dapes,
1410 5134 1563 5196 propinabis.
1576 5136 1679 5182 transisse
1688 5127 1724 5176 ubi

1190 5231 1317 5276 Venenum
1329 5227 1381 5288 post
1392 5225 1472 5272 citurus
1484 5223 1576 5272 rnatum
1590 5227 1730 5284 quemquam
1742 5213 1815 5274 iaciat.

410 4613 466 4677 Τάς
480 4609 624 4675 άντιδότους
637 4607 681 4686 ἔχε
697 4605 998 4687 προπαρεσκευασμένας

414 4698 483 4776 Πρὸς
494 4699 571 4756 πάνθ’
587 4698 677 4762 ἁπλῶς
687 4694 720 4753 τδι
736 4697 823 4774 φαῦλα
837 4691 995 4771 δηλητήρια,

412 4777 463 4846 Ὧν
478 4787 523 4843 καί
536 4785 614 4864 χάριν
629 4786 747 4844 δοκοῦσιν
760 4782 860 4858 εὕρεσιν
874 4781 975 4838 λαόεῖν·

414 4873 469 4934 Καὶ
480 4875 532 4938 τοῖς
545 4871 696 4948 θανασίμοις
711 4869 860 4936 ἀντιδόσεις
875 4869 1037 4950 φαρμάκοις,

374 4987 385 5021 a
414 4961 557 5041 Προδιδυιίς
568 4985 593 5019 τι
604 4969 656 5026 τοῖς
671 4959 774 5039 ἔχουσιν
787 4959 908 5017 ὑπόνυιάν
919 4981 992 5031 τινα,

416 5049 462 5120 Μή
473 5074 511 5128 τις
522 5047 590 5106 κατὰ
602 5049 699 5127 τροφὴν
711 5049 850 5127 φάρμακον
863 5049 960 5126 φαῦλον
973 5045 1044 5122 λάόῃ

415 5139 480 5198 Ἐπί
494 5143 526 5218 τῇ
539 5141 621 5216 τροφῇ
636 5159 673 5192 τε.
690 5136 889 5216 Προσρέρεσθαι
902 5133 935 5204 δ’,
953 5132 1015 5191 ὅταν
1027 5134 1090 5212 δοκῇ

415 5223 587 5310 Ἀναιρετικόν
600 5247 637 5289 τις
653 5223 720 5300 μετὰ
733 5225 831 5304 τροφὴν
847 5222 992 5300 εἰληφέναι,
