4028 6042
84 383 236 464 ιιι-ιο

167 513 216 573 καθ
231 511 399 574 συλλαύοῦσα
410 517 457 588 τῆς
469 515 566 598 τρύγης
581 517 626 577 τὸν
642 519 765 602 ἐργάτην,

169 601 298 683 έμπικρον
310 599 429 684 ἀπέφηνε
441 601 472 662 τὸ
487 604 585 684 βρωθὲν
598 603 669 685 μέλι.

105 709 153 750 sto
168 693 233 757 Τοῖς
247 687 298 771 γδιρ
312 689 413 758 πτίλοις
426 691 547 752 παίσασα
558 697 610 754 τῶν
623 695 790 778 μεταφρίνων

167 776 264 846 ἐξεῖλεν
276 777 354 837 αὐτὸν
368 783 415 851 τῆς
428 782 528 854 κλοπῆς
537 783 706 863 τετυμμένον.

91 865 144 948 (ευ)
172 864 251 926 lteri
264 865 292 926 δέ
306 867 400 947 μικρδν
414 870 525 949 εἰσρυεὶς
536 861 609 940 αύθις
619 871 722 954 χρόνον,

166 953 216 1026 τῆν
228 952 344 1034 ἐσχάτην
357 953 452 1016 ἔδωκεν
463 961 477 1016 θ
490 956 598 1040 φθορεὺς
609 959 695 1031 δίκην.

165 1041 268 1124 Ἐχρῆν
279 1041 330 1126 γάρ
343 1043 431 1118 αὖτδν,
442 1049 476 1115 ὡς
487 1046 631 1128 ὑπόπτερον
642 1046 731 1121 λύκον,

107 1151 152 1192 σεο
167 1140 221 1200 τοῖς
234 1135 286 1192 τῶν
301 1134 433 1212 μελισσῶν
449 1137 572 1214 ἐμπεσεῖν
588 1135 723 1204 ἀκοντίοις·

167 1219 186 1294 ῆ
201 1222 302 1298 μᾶλλον
315 1223 397 1303 ἐχρῆν
412 1221 450 1302 μὴ
464 1228 552 1284 πονεῖν
564 1223 716 1301 εἰθισμένον,

93 1306 143 1390 (ns)
167 1310 222 1377 τοῖς
232 1312 285 1369 τῶν
299 1311 428 1392 φιλεργῶν
442 1311 594 1395 ἐκτριύῆναι
607 1312 740 1396 κεντρίοις.

458 1491 530 1510 —

261 1590 354 1652 ΠΕΡΙ
376 1588 504 1650 turult
526 1592 739 1654 ΜΕΛΙΣΣΩΝ.

166 1747 257 1828 Ἀργὸν
271 1746 299 1808 δδ
312 1746 420 1816 ταύταις
434 1748 500 1807 ἄλλο
515 1748 642 1828 συμύιοῦν
656 1749 729 1830 γένος

167 1837 309 1919 ἐφίπταται
322 1837 369 1917 μὲν
381 1842 413 1918 τῇ
425 1839 504 1920 χλιδῇ
515 1842 567 1898 τῶν
580 1838 687 1913 ἀνθέων,
803 1869 810 1882 ·

109 1947 153 1986 ssu
167 1927 196 1984 ού
209 1925 317 1985 δύναται
330 1924 356 1985 δέ
368 1926 413 1986 καί
425 1924 507 2004 γλυκὺ
519 1925 643 1986 πλάττειν
656 1927 725 2006 μέλι.

165 2013 322 2097 Συναίρεται
334 2013 356 2073 δ’
367 2005 412 2075 σ’ύν
424 2013 452 2084 ἐξ
466 2015 578 2093 ἀμίσθου
591 2015 724 2098 φροντίδος

113 2099 144 2182 (ολ
169 2106 201 2180 τῇ
215 2105 267 2162 τῶν
283 2104 411 2184 φιλεργιῗιν
424 2107 549 2184 πανταχῆ
564 2103 726 2186 περιστάσει.

166 2187 200 2250 Ἦ
216 2187 330 2270 μὲνγὰρ
346 2191 430 2249 αύτιῗιν
445 2190 594 2273 ύδραγωγθς
610 2190 717 2272 εύρέθη,

163 2277 208 2337 τθν
222 2277 301 2337 αύλδν
313 2276 449 2338 ἐντείνασα
461 2287 514 2347 τοῖς
525 2279 706 2361 παρισθμίοις,

108 2387 150 2428 sus
164 2369 199 2435 ὡς
212 2365 245 2425 δν
258 2366 299 2427 ἐπ’
313 2370 395 2441 αὐτῆς
406 2371 543 2452 εθπραγῶν
554 2373 601 2442 τῆς
610 2369 743 2437 παστάδος

164 2459 235 2516 ison
250 2455 339 2536 γένους
354 2456 461 2539 ἐξαρχος
473 2458 590 2540 ἀφθόνως
603 2457 685 2518 πίνοι·

96 2543 143 2625 (ιο)
165 2549 183 2618 ἡ
198 2543 226 2604 δέ
241 2543 459 2627 προύομύεῖ,·καλ
472 2544 626 2628 προπέμπει
639 2545 672 2606 τὰ
688 2547 780 2629 στίφη,

166 2632 212 2692 καὶ
224 2634 380 2712 δημαγωγεῖ
395 2637 525 2702 τακτικῶς
538 2636 566 2692 ἐν
579 2643 633 2702 τοῖς
643 2634 741 2716 πόροις.

162 2726 179 2793 ἡ
198 2719 225 2780 δέ
239 2721 290 2802 πρὸ
301 2721 398 2790 παντὸς
412 2724 541 2799 εὐμαθοῦς
553 2721 757 2804 Ἱπποκράτους,

110 2829 151 2868 sou
164 2812 262 2890 νεκρῶν
277 2811 410 2886 μελισσῶν
423 2809 554 2888 ἐκκομίζει
569 2809 678 2893 φορτία,
712 2811 714 2818 ’

165 2895 261 2974 μήπως
273 2895 321 2978 ίχῃ
336 2895 370 2956 τθ
382 2896 483 2976 σίμύλα
496 2903 530 2980 τῇ
543 2899 622 2981 σήψει
634 2897 724 2981 φθόην.

99 2983 144 3066 (rs)
168 2983 252 3059 Ἄλλη
268 2985 298 3045 δέ
307 3010 346 3053 τις
360 2985 490 3066 άγρυπνον
503 2987 617 3072 εἰσφέρει
631 2987 719 3062 πόνον,

164 3077 197 3152 τῇ
212 3077 258 3144 τῆς
270 3077 388 3156 φυλακῆς
400 3074 505 3156 α’κριύεῖ
513 3075 691 3157 παραστάσει·

162 3162 199 3239 μῆ
212 3161 260 3229 τάς
275 3160 411 3244 φιλεργοὺς
429 3163 614 3244 ἡσυχαζούσας
624 3163 688 3232 τέως

111 3271 150 3310 sos
163 3249 250 3309 λαθών
259 3275 298 3319 τις
309 3250 401 3332 ἐχθρὸς
414 3254 540 3333 εἰσφθαρῇ
551 3253 616 3334 πρὸς
628 3252 750 3334 ἑσπέραν,

162 3337 208 3398 καί
218 3339 263 3398 τθν
278 3345 399 3400 τοσοῦτον
411 3339 490 3399 θλύον
505 3343 590 3400 αὐτῶν
604 3341 722 3423 ἁρπάσῃ·

97 3425 143 3509 (au)
164 3426 213 3496 Τίς
226 3419 280 3504 σύν,
297 3430 421 3508 βασιλεῦ,
435 3433 482 3502 τῆς
496 3427 623 3505 μελίσσης
634 3428 681 3502 τλν
694 3427 769 3512 φύσιν

162 3515 472 3664 θίψῆπίλίῗῖζῖἶῖ
478 3519 521 3674 ἐξ
532 3516 771 3688 ‘imnis

224 3629 254 3687 κ.
518 3651 528 3683 ν
776 3652 785 3680 ν

114 3709 154 3752 sio
166 3627 421 3774 τλνρπρλνγφιλεργὸν
435 3692 480 3752 τὸν
494 3693 594 3775 κρυμὸν
608 3692 790 3772 σκοπουμένην

165 3783 199 3847 ὡς
209 3780 255 3840 καλ
266 3789 404 3862 γεωργοῖς,
415 3781 461 3840 καλ
472 3787 594 3858 νομεῦσιν
607 3780 729 3864 άγρόταις

95 3859 151 3948 (τε)
165 3872 284 3949 χειμῶνα
302 3867 383 3928 δεινόν
398 3873 542 3950 ζωγραφεῖν
557 3871 593 3937 εἷς
606 3869 709 3952 αἰθρίαν

165 3959 195 4016 ἐκ
207 3960 260 4016 τῶν
273 3959 389 4038 ἀτεχνῶς
404 3961 537 4036 μαντικῶν
548 3957 735 4037 πετασμάτων.

164 4044 219 4108 Καὶ
232 4043 284 4127 γάρ
297 4050 362 4127 παρ’
379 4045 457 4106 αύτθν
471 4047 614 4129 ἐγχρονίζει
627 4046 671 4107 τδν
686 4047 773 4122 πόνον,

113 4154 151 4196 σεο
164 4133 210 4193 καλ
221 4133 314 4216 μικρὸν
328 4133 464 4216 ἐκκύψασα
475 4141 522 4196 τοῦ
535 4136 648 4214 σίμύλου
661 4136 763 4220 χρόνον,

164 4221 226 4282 ὅταν
240 4225 255 4281 θ
268 4223 359 4306 καιρὸς
367 4227 414 4296 τῆς
428 4228 511 4304 νομῆς
524 4224 678 4306 ἀναγκάσῃ,

95 4309 142 4393 (no)
163 4311 244 4370 πάλιν
258 4313 380 4394 θυραυλεῖ
391 4317 556 4390 συντεμοῦσα
566 4313 610 4373 τδν
620 4313 724 4395 δρόμον.

162 4398 321 4468 Ἐξίπταται
335 4397 363 4458 δδ
375 4408 434 4468 ταῖς
446 4401 537 4468 πνοαῖς
548 4401 737 4483 ἀντιστρόφως,

163 4485 342 4569 ὑπερφέρουσα
355 4487 414 4547 τινά
425 4497 479 4556 τοῖς
491 4487 555 4548 ποσὶ
564 4487 644 4562 λίθον,

112 4597 150 4636 ssu
162 4579 197 4642 ὡς
210 4574 279 4657 έρμα
293 4573 391 4658 ληφθὲν
405 4575 535 4658 ίμύριθῶς
547 4575 610 4658 πρδς
623 4576 667 4636 τὸν
682 4575 773 4658 πόρον,

163 4661 201 4740 μὴ
215 4668 357 4745 παρασυρῆ
371 4673 429 4731 ταῖς
441 4665 534 4747 ῥοπαῖς
551 4669 569 4738 ἡ
582 4665 719 4740 λεπτότης.

101 4761 145 4842 (με)
163 4751 281 4813 Ἥκιστα
291 4750 343 4834 γάρ
359 4751 390 4811 ἀν
403 4753 544 4830 εὖπλοῆσοι
557 4753 604 4813 καὶ
618 4754 731 4838 σκάφος,

163 4831 193 4899 ού
206 4837 288 4918 μηδέν
301 4839 435 4921 ἀγώγιμον
449 4845 466 4914 ἠ
479 4841 608 4920 πλάστιγξ
621 4841 702 4922 φέρει.

166 4927 219 4988 Καὶ
233 4931 265 5008 ζῇ
279 4929 327 5007 μέν
342 4929 448 5008 θγνθνὴ
464 4931 532 5008 σοφὴ
544 4931 637 5010 σχεδὸν
654 4929 721 5010 βίον,

115 5037 151 5076 sss
165 5015 288 5096 ἀγευστος
299 5007 366 5077 σθσα
377 5021 502 5099 νικρικῶν
517 5017 726 5099 σπαραγμάτων.

162 5103 237 5166 ideo
251 5102 279 5164 δέ
295 5105 391 5176 παντθς
404 5109 455 5188 ούχ
463 5105 627 5178 ύποπτίσσει
638 5104 740 5187 θράσος.

103 5191 143 5274 (ro)
163 5192 317 5264 Ὁπλίζιται
330 5193 381 5277 γάρ
392 5195 517 5278 ἀσφαλῶς
528 5197 567 5276 τῷ
578 5193 702 5277 κεντρίιρ,

447 387 577 450 PHlLAE
597 389 747 453 VERSUS
767 391 819 452 DE
840 390 1070 457 intulerunt
1090 395 1374 460 proteruntur.

936 534 961 582 ct
972 531 1120 597 deprehenso
1131 536 1217 586 messis
1225 542 1377 603 perceptora.

933 634 1042 672 aruarum
1054 623 1133 674 reddit
1144 625 1191 675 mel
1203 639 1336 678 comesum.

935 707 985 758 Alis
992 709 1055 760 enim
1066 712 1125 774 tergi
1138 714 1273 776 percutiens

932 795 1020 849 uiurto
1029 799 1116 849 avertit
1130 800 1198 852 illurn
1213 802 1374 853 verberatum.

933 887 991 935 Post
1001 885 1074 938 breve
1084 892 1167 939 antnn
1179 893 1274 955 tempus
1282 890 1361 942 denuo
1371 891 1464 944 irruens
1541 941 1544 948 .

932 977 1065 1024 ,extremam
1075 989 1170 1040 pennam
1182 977 1224 1028 dat
1232 984 1365 1043 oorruptor.

934 1061 1067 1124 oportebat
1077 1065 1141 1115 enirn
1152 1066 1242 1130 ipsum,
1253 1072 1280 1118 ul
1291 1068 1381 1120 alatum
1391 1069 1484 1134 lupum,

933 1162 1006 1213 apum
1017 1151 1106 1203 aculeis
1117 1152 1234 1217 inciderc;

933 1240 975 1287 aut
986 1239 1066 1303 potins
1075 1242 1201 1305 oportebat
1210 1255 1266 1294 cum
1275 1257 1324 1294 non
1335 1249 1459 1296 assuetum
1473 1245 1503 1296 ad
1512 1245 1669 1296 laborantum

932 1337 1015 1390 opum
1024 1327 1197 1381 laboriosarum
1209 1331 1297 1382 eculeis
1306 1333 1400 1383 conici.

1285 1509 1363 1520 ι-ιιι

1029 1593 1065 1643 30
1088 1583 1158 1662 (29).
1179 1586 1232 1646 DE
1252 1586 1391 1650 APIBUS
1413 1588 1625 1650 lNEIiTlBUS.

931 1753 1002 1803 Aliud
1012 1759 1092 1807 autern
1103 1771 1179 1820 genus
1190 1759 1255 1810 iners
1263 1775 1319 1811 cunr
1328 1762 1367 1812 bis
1379 1775 1426 1813 uns
1437 1763 1522 1814 virens

936 1841 1027 1893 involat
1037 1843 1134 1907 quidem
1144 1847 1264 1910 splendori
1275 1849 1375 1915 tiorum,

931 1943 979 1980 uon
992 1937 1070 1994 potest
1080 1945 1137 1984 voro
1146 1936 1218 1986 etium
1226 1936 1312 2001 tingere
1324 1939 1394 1990 dulce
1403 1939 1459 1990 mel.

931 2021 995 2068 cura
1005 2021 1085 2072 tumen
1095 2023 1199 2084 potuita
1209 2023 1340 2088 opitulatur

931 2120 1013 2170 apum
1024 2123 1179 2172 operosarum
1189 2111 1334 2162 circumfuso
1344 2113 1441 2175 agmini.

930 2194 984 2245 Alie
993 2197 1056 2246 enim
1068 2197 1162 2248 illarum
1173 2213 1242 2263 aquae
1252 2202 1333 2262 gerula
1344 2202 1473 2264 invenitur,

931 2284 1039 2336 conulem
1049 2285 1176 2338 intendens
1184 2288 1315 2352 glandulis,
1383 2328 1386 2333 -

932 2377 958 2422 ut
972 2372 996 2422 in
1008 2373 1060 2437 ipso
1070 2375 1178 2425 thalnrm
1190 2375 1352 2428 benebabens

931 2463 1024 2606 ςειχεγίε
1033 2463 1145 2527 princeps
1156 2464 1253 2516 abunda
1263 2465 1340 2516 bibat.

931 2549 968 2598 Ali
993 2549 1017 2598 'u
1028 2550 1105 2602 tronto
1114 2551 1230 2603 bombum
1243 2553 1298 2604 iacit
1309 2558 1334 2605 et
1345 2553 1436 2605 emittit
1447 2556 1570 2618 emmim,

931 2638 957 2687 et
965 2651 1051 2700 ngmen
1062 2638 1130 2690 ducit
1141 2653 1198 2690 oum
1207 2646 1259 2691 arte
1269 2641 1366 2691 militari
1377 2642 1401 2692 iu
1411 2641 1545 2694 itineribus.

895 2758 899 2768 .
931 2725 983 2776 Alia
994 2739 1046 2790 prae
1057 2728 1144 2792 quovis
1155 2728 1250 2780 erudito
1259 2729 1403 2793 Hippocrate

934 2819 1085 2866 mortuarum
1096 2829 1170 2881 apum
1180 2831 1254 2869 onera
1267 2824 1390 2883 exportat,

931 2915 962 2952 ne
973 2903 1076 2954 uveam
1084 2905 1165 2956 tabem
1175 2907 1279 2957 babeant
1287 2921 1318 2958 ex
1328 2908 1464 2971 putredine.

929 2991 982 3040 Alia
994 3005 1052 3043 nero
1064 2994 1176 3058 quedam
1186 2995 1320 3047 insomnem
1333 2997 1464 3048 contribuit
1472 2997 1592 3064 laborem,

929 3081 1047 3131 custodire
1060 3081 1167 3146 diligenti
1177 3084 1331 3148 assiduitate,

929 3181 960 3218 ne
973 3167 1117 3233 laboriosas,
1130 3172 1188 3222 dum
1201 3171 1339 3237 dormiunt,

930 3256 1006 3306 latens
1015 3257 1100 3322 aliquis
1109 3260 1221 3312 inimicus
1231 3262 1321 3312 incidet
1329 3263 1360 3314 de
1369 3267 1452 3327 nocto,

930 3346 955 3394 ct
966 3347 1045 3396 tantm
1053 3346 1152 3398 divitias
1162 3349 1268 3412 ipsarum
1279 3351 1365 3414 rapiat

930 3434 1209 3500 Quisnam,rex,apunr
1220 3440 1331 3489 naturam
1502 3493 1507 3501 ,

930 3515 1061 3585 presagum
1070 3524 1214 3575 reddidited
1223 3526 1368 3578 descensum
1380 3527 1493 3580 imbrium
1598 3524 1602 3538 '

929 3611 1033 3675 Torpere
1043 3613 1106 3662 euim
1116 3613 1182 3664 dicat
1191 3614 1293 3678 aliquis,
1305 3616 1347 3679 qui
1359 3629 1465 3680 praesens
1476 3616 1575 3679 viderit,

929 3695 1001 3761 aponi
1010 3701 1080 3750 antea
1089 3700 1247 3765 laboriosam,
1260 3703 1335 3766 trigue
1345 3706 1554 3770 praesentientem

929 3792 956 3836 ut
965 3788 1037 3838 etiam
1049 3789 1159 3852 agricolis
1170 3803 1200 3841 ao
1208 3791 1345 3854 pastoribus
1354 3793 1450 3846 rusticis

928 3888 1023 3936 marna
1033 3881 1198 3942 tempestatem
1210 3880 1291 3944 pingat
1299 3894 1342 3945 per
1351 3882 1406 3932 eceli
1416 3883 1567 3934 serenitatem

928 3965 1125 4026 patclnotionibns
1135 3968 1187 4018 suis
1199 3982 1297 4032 prorsus
1307 3969 1419 4022 fatidicis.

927 4054 988 4102 liam
1000 4054 1090 4104 lumin
1101 4055 1153 4119 ipso
1162 4069 1234 4121 opera
1245 4057 1313 4108 tarda
1322 4063 1359 4110 est

928 4144 953 4191 et
964 4140 1037 4192 breve
1051 4144 1147 4208 ternpus
1157 4159 1284 4210 progressa
1296 4161 1325 4197 er
1334 4149 1453 4210 alveario,

928 4229 1024 4294 quaudo
1034 4231 1115 4295 pabuli
1129 4233 1188 4282 bora
1199 4235 1316 4298 coegerit,

929 4331 1013 4369 rursus
1025 4319 1091 4370 dorni
1102 4321 1207 4372 excubat
1216 4323 1350 4387 proeoidena
1360 4336 1466 4374 cursum.

927 4405 1013 4456 Evolat
1022 4414 1104 4459 autem
1113 4409 1230 4460 advorsus
1240 4416 1324 4462 ventos

927 4499 1027 4558 portans
1037 4497 1140 4562 pedibus
1151 4499 1260 4563 lapillum
1269 4499 1404 4563 quendam,

927 4591 1041 4648 tunquam
1049 4587 1173 4638 saburram
1181 4600 1238 4638 curn
1246 4586 1350 4651 pondere
1359 4589 1481 4650 sumptum
1489 4587 1519 4637 ed
1527 4587 1712 4650 navigationem.

927 4687 957 4722 ne
968 4674 1053 4725 levitas
1061 4689 1105 4726 sua
1114 4675 1236 4727 anieratnr
1246 4677 1381 4726 uentorum
1391 4677 1536 4731 momentis.

927 4761 1024 4813 Minime
1033 4763 1098 4813 enim
1108 4765 1180 4814 edam
1190 4764 1279 4828 amplia
1287 4762 1349 4814 bene
1360 4765 1489 4828 navigarit,

926 4851 996 4915 cujus
1005 4851 1061 4902 lanx
1070 4867 1119 4902 uon
1130 4853 1177 4902 lert
1185 4851 1251 4915 quod
1260 4857 1408 4902 momentum
1419 4854 1498 4904 iaciat.

927 4943 957 4990 Et
966 4941 1027 4991 risit
1034 4941 1132 5004 quidem
1141 4941 1237 5003 sapiens
1246 4943 1352 4990 sancum
1363 4940 1413 4991 lore
1422 4943 1495 4992 ritem
1501 4978 1509 5005 ,

926 5041 952 5079 se
960 5028 1084 5079 abstinens
1094 5028 1125 5078 ab
1134 5041 1177 5077 esu
1187 5028 1379 5081 morticinorum.

926 5119 957 5168 At
966 5117 1014 5167 riri
1023 5115 1151 5180 cuiuslibet
1159 5114 1326 5166 tortitudinem
1335 5128 1383 5167 non
1394 5117 1487 5169 metult

928 5206 1040 5257 Firmiter
1049 5205 1114 5257 enim
1123 5203 1329 5258 amatorculos
