4028 6042
321 350 359 412 ,2
784 325 860 386 ror
880 325 976 386 orne
998 323 1195 387 nroelzrn
1219 325 1459 387 ennoauron.

386 463 431 523 καί
447 467 493 534 τῆς
508 461 600 542 ὀρύζης
611 461 716 539 ἐκροφεῖ
728 461 774 529 τῆς
786 456 897 536 αἰγρίας,

336 575 375 614 lau
388 557 423 619 ὡς
434 550 465 610 δν
480 554 494 608 ὁ
508 548 586 628 θυμός
596 549 716 624 ἀκρατῶς
727 546 842 614 ὐποζέων

391 639 579 704 ιίντιστατικῶς
592 635 763 716 καρδιῶττειν
775 633 880 713 ὀτρύνη.

389 727 444 789 Καὶ
457 725 507 807 γὰρ
519 726 548 785 τό
559 725 653 804 θερμὸν
669 727 782 805 φυσικῶς
796 715 875 793 ἧττον
888 720 961 800 φέρει

389 818 440 873 τῶν
456 811 623 894 ἀκροθέρμων
636 815 672 877 εἰς
684 809 766 890 ροπίις
778 807 896 874 ἐναντίας

389 901 463 981 ὃθλρ
477 905 491 959 ὁ
506 897 609 980 μακρὰν
625 901 740 976 εὐτυχῶν
755 895 818 964 ίσως
834 895 903 977 ῥίνα.

338 1013 377 1052 εσυ
392 989 447 1050 liei
462 989 541 1047 πόλιν
557 991 592 1054 ὡς
603 986 635 1044 θν
653 987 766 1065 εὐδρομῇ
780 984 844 1064 πρὸς
858 982 905 1055 τὴν
922 981 1005 1052 νίκην,

389 1076 510 1158 ἡκέρκος
525 1075 603 1134 αὐτὸν
619 1081 742 1152 μαστιγοῖ
755 1072 806 1153 πρὸ
821 1076 868 1143 τῆς
879 1070 982 1150 μάχης,

328 1221 331 1228 .
391 1170 426 1234 ὡς
439 1165 522 1244 ίσχίον
536 1163 638 1230 λέοντος
650 1161 762 1228 ἄλκαίας
776 1159 864 1239 τόνος,

389 1253 446 1325 ἡδὲ
459 1251 600 1332 προὸοσκίς
610 1250 655 1310 καί
668 1248 720 1329 πρό
734 1253 781 1320 τῆς
792 1247 887 1327 κέρκου
899 1244 993 1304 iliter.

391 1341 447 1402 Καί
458 1345 504 1406 σ’ύς
517 1339 568 1419 γὰρ
580 1339 627 1396 οὐκ
644 1336 675 1395 διν
687 1339 723 1402 εἰς
739 1335 781 1392 τὸν
800 1334 917 1414 ἔχθιστον
935 1331 1046 1410 δράμοι,

339 1450 378 1490 rao
388 1428 449 1508 πρίν
465 1424 524 1494 τούς
537 1425 643 1490 ὀδόντας
655 1421 784 1494 ύποθῆῖαι
796 1429 848 1488 τοῖς
860 1421 949 1486 λίθοις.

431 1514 532 1595 Πήχεις
544 1513 571 1571 δὲ
584 1511 683 1590 μήκους
694 1515 782 1568 τοῦτον
798 1509 888 1587 αὐχεῖν
901 1506 974 1564 ἐννέα

394 1605 513 1682 λέγουσιν
526 1605 550 1661 οἱ
565 1600 693 1680 κρίνοντες
704 1602 785 1678 ὀρθῶς
798 1596 844 1664 τὰς
856 1594 958 1677 φύσεις,

393 1692 439 1752 καί
452 1691 540 1764 πέντε,
556 1697 658 1768 μετρεῖν
673 1687 746 1768 είπερ
760 1677 789 1744 εὐ
803 1677 876 1765 εὐρος
888 1685 980 1748 θέλεις.

433 1777 512 1838 'Alit
526 1781 646 1835 τοσοῦτον
663 1773 763 1855 εὑρεθὲν
780 1772 810 1830 τὸ
822 1772 910 1852 θηρίον

339 1889 377 1929 raa
389 1865 477 1947 Ἔρως
491 1863 598 1930 όδεινός
614 1865 734 1942 ἀκρατῶς
748 1859 901 1942 ύποφλέγων

394 1957 535 2036 πρηστῆρα
549 1960 618 2010 ποιεῖ
632 1952 683 2016 τοῖς
698 1953 785 2032 φυτοῖς
796 1947 966 2028 κερασφόρον,

392 2041 550 2119 καὶγίνεται
563 2045 616 2121 πῦρ
631 2034 752 2122 ἐμπεσὼν
766 2041 819 2102 τοῖς
834 2034 945 2117 ἀψύχοις

393 2129 481 2208 δπρίν
495 2127 607 2206 γαληνύς
619 2125 645 2191 ἐξ
658 2127 722 2183 ἐθῶν
735 2122 923 2205 χειροτρόφων.

395 2217 501 2281 Μόνους
514 2214 542 2274 δέ
555 2214 614 2279 τούς
626 2213 741 2294 φοίνικας
752 2213 863 2270 αἰδεῖται
877 2211 990 2290 βλέπων·

344 2327 382 2366 Πι)
395 2305 465 2385 φιλεῖ
475 2303 525 2384 γόρ
539 2305 574 2371 ῶς
590 2303 684 2382 ἔρωτος
700 2299 793 2366 αὐτούς
810 2300 922 2378 ἐργάτας

395 2393 440 2452 καί
455 2390 627 2471 δημιουργοὺς
642 2396 688 2462 τῆς
700 2393 804 2470 τροφῆς
817 2391 869 2445 τῶν
884 2387 1009 2467 ἀκρίδων.

397 2480 477 2543 Οὕτω
487 2478 614 2560 κυρίττων
629 2479 674 2536 καί
688 2480 803 2558 σφριγῶν
816 2475 880 2554 πρὸς
894 2475 935 2533 τόν
950 2475 1037 2552 γόμον

397 2571 500 2634 κλῶνας
510 2569 632 2646 καθαιρεῖ
643 2565 689 2623 καί
703 2563 805 2630 πλοκὰς
814 2562 917 2641 λόχμης
929 2564 986 2621 λόει

397 2655 442 2713 καί
452 2653 501 2726 τὴν
513 2651 739 2733 περισπούδαστον
755 2651 860 2722 ἐκζητεῖ
870 2650 972 2730 δρόσον,

345 2765 383 2805 17⁵
394 2742 442 2814 τὴν
454 2741 683 2819 ύποκυμαίνουσαν
695 2740 795 2800 ὠδίνων
808 2739 889 2810 ζέσιν.

397 2832 496 2891 Καινύν
509 2829 560 2910 γίιρ
574 2829 657 2903 οὐδὲν,
671 2833 826 2888 έκνικᾶσθαι
837 2826 902 2907 πρὸς
915 2825 1000 2906 γόμον

396 2919 440 2978 τδν
453 2919 506 2978 del
517 2918 605 2997 γόμου
618 2917 664 2976 καί
678 2926 778 2998 σπορᾶς
791 2917 973 2996 παρηγμένον.

438 3011 498 3088 Πῶρ
512 3005 539 3064 δὲ
553 3005 672 3065 πτοεῖται
685 3004 731 3064 καί
744 3003 816 3085 κριδν
830 3001 1001 3084 κερασφόρον,

397 3098 443 3155 καί
454 3099 506 3153 τῶν
521 3097 616 3172 μονιῶν
630 3093 677 3163 τὴν
691 3091 754 3172 βοὴν
770 3091 817 3162 τὴν
833 3090 943 3170 ἀθρόαν·

347 3205 386 3245 lou
400 3181 544 3252 ἀσπάζεται
556 3180 584 3242 δέ
596 3181 643 3249 τλν
657 3179 752 3260 χλιδὴν
766 3183 818 3238 τῶν
833 3177 942 3255 ἀνθέων,

398 3271 444 3332 καί
458 3272 577 3350 θέλγεται
589 3269 637 3347 μὲν
657 3278 714 3335 ταῖς
727 3267 819 3326 λιόόσι
830 3269 882 3324 τῶν
895 3265 995 3344 μύρων,

397 3358 488 3439 ῶσπερ
502 3381 541 3426 τις
556 3357 636 3439 ἇόρός
648 3360 686 3423 εἰς
700 3355 798 3436 τρυφόις
814 3355 1002 3433 πολυτρόπους.

399 3446 516 3528 Λουτρόν
529 3447 557 3505 δέ
573 3443 706 3516 ποιεῖτὴν
722 3444 798 3503 σκιόιν
813 3443 859 3502 καί
874 3442 922 3514 τὴν
937 3442 1036 3522 δρόσον,

399 3537 461 3596 όταν
473 3559 511 3602 τις
526 3534 599 3602 ἀκτίς
614 3534 642 3604 ἐξ
653 3535 720 3605 ὀπῆς
732 3531 893 3612 ὐποδρόμοι·

350 3648 388 3686 rsa
402 3625 481 3684 λυπεῖ
494 3622 544 3703 γὰρ
555 3623 633 3682 αὐτόν
645 3626 660 3682 ό
672 3621 770 3702 κρυμός
782 3625 828 3692 τῆς
842 3619 967 3701 ἑσπέρας.

401 3705 483 3782 liii<
496 3711 524 3770 δὲ
535 3716 580 3769 τοῦ
592 3711 736 3776 θάλποντες
748 3709 884 3774 ἐνστάντος
898 3709 998 3789 θέρους,

402 3802 431 3861 τὸ
445 3805 523 3879 σῶμα
537 3802 615 3881 πηλῷ
632 3799 738 3879 δαψιλεῖ
751 3798 895 3879 περιχρίει,

402 3889 447 3949 καῖ
460 3891 613 3970 ψυχαγωγῷ
627 3886 675 3958 τὴν
688 3885 769 3966 δορόν
782 3887 865 3945 σαίνει
874 3885 965 3967 κρύει,

400 3976 448 4049 τλν
462 3974 575 4048 ἡλιακὴν
587 3977 715 4033 ὀντικλῶν
728 3973 796 4033 οὕτω
810 3975 906 4054 φλόγα.

351 4087 389 4126 rso
441 4065 522 4144 Ἐρῖν
533 4063 562 4122 δέ
575 4085 653 4144 φασιν
665 4064 799 4142 ἐγκρατῶς
809 4064 838 4120 τὸ
850 4061 938 4142 θηρίον

401 4151 472 4234 ῶρας
483 4149 604 4231 γυναικός
616 4147 748 4227 συμόιοῦν
759 4148 919 4227 εἰθισμένον·

403 4239 476 4306 εὐθὺς
486 4239 537 4319 γὰρ
552 4239 633 4310 αὐτὴν
647 4235 837 4317 μαστροπεύων
849 4242 882 4316 τῇ
896 4238 998 4318 σχέσει,

403 4329 448 4387 καί
462 4327 582 4407 καθάπερ
592 4325 682 4386 λαόίδι
693 4350 725 4405 τη
743 4325 899 4407 προόοσκίδι

403 4421 488 4496 σοφῶς
499 4418 613 4474 διασπᾶν
625 4421 671 4476 τοῦ
685 4414 827 4495 προσώπου
845 4412 892 4486 τλν
904 4414 984 4494 χνόην

353 4527 390 4566 rua
404 4505 449 4563 καί
461 4502 508 4570 τόις
523 4503 627 4584 ῥυτίδας
642 4505 767 4584 ἀσφαλῶς
782 4501 923 4589 ἀποξέων,

403 4593 449 4650 καί
463 4591 558 4658 κόλλος
568 4593 638 4671 αὐτῇ
649 4591 758 4673 φυσικὸν
779 4590 977 4671 μετεγγρόφειν,

403 4683 438 4746 ῶς
451 4677 572 4758 τεχνίτης
584 4679 711 4761 σκόριφον
725 4681 749 4738 εί
762 4679 832 4738 θέλει
844 4677 963 4766 γράφειν.

404 4767 563 4826 Διδοίσκεται
576 4767 603 4826 δὲ
615 4765 662 4825 καλ
675 4765 778 4847 γραφὰς
792 4765 876 4845 ταύτῃ
891 4766 1009 4848 γρόφειν,

405 4861 440 4920 ὡς
455 4853 627 4934 γραμματεύς
642 4878 681 4922 τις
695 4854 790 4936 εὐφυὴς
804 4857 842 4937 τῷ
855 4853 984 4932 καλόμῳ,

353 4964 393 5003 roo
405 4941 549 5010 δεικνύντος
561 4942 645 5002 Ἰνδοῦ
657 4941 705 5010 τίις
717 4943 817 5010 πλοκὰς
829 4945 867 5022 τῷ
882 4943 1019 5023 δακτύλῳ,

405 5035 440 5096 ῶς
453 5027 485 5087 ἂν
497 5029 568 5111 τόχα
577 5030 673 5110 γρόφσι
687 5055 726 5098 τις
739 5033 769 5091 ἐκ
783 5030 959 5111 μελανδόχης.

446 5119 542 5187 Αὐλοῖς
554 5117 582 5178 δέ
596 5117 643 5178 καί
656 5117 758 5200 σύριγξι
769 5119 814 5178 καί
827 5124 923 5200 χειρῶν
934 5117 1036 5200 κρότοις

1151 470 1194 517 eut
1207 481 1238 517 ex
1248 465 1334 528 agresti
1346 479 1419 530 oryaa
1431 465 1544 528 peratum
1555 463 1683 526 exturbet,

1150 558 1185 606 uti
1197 557 1270 606 aestus
1281 555 1355 606 animi
1366 554 1509 606 validissime
1521 553 1679 604 effervescens

1150 644 1180 694 od
1191 645 1287 694 virtutis
1295 657 1393 694 sensnm
1402 646 1428 694 et
1435 642 1465 693 ad
1475 643 1570 692 fortiter
1579 639 1737 692 τσοῖιίειιόιιιυ
1745 639 1882 690 exstimulet

1151 738 1261 795 Namque
1272 733 1415 784 naturaliter
1425 731 1531 794 possidet
1542 730 1623 780 minue
1631 725 1746 792 terroris,

1151 835 1224 884 quarn
1234 820 1422 871 ireermdissimae
1427 819 1513 882 serre,
1523 818 1555 868 ad
1567 818 1667 868 hostiles
1674 817 1777 880 impetra

1152 910 1205 959 haee
1215 910 1273 970 iera,
1284 910 1384 959 tortosae
1394 907 1452 972 quia
1463 907 1624 971 prolixissimo
1632 919 1691 956 naso
1700 905 1806 968 prredlta.

1152 1001 1243 1060 Porro,
1255 1000 1283 1048 ut
1294 997 1326 1047 ad
1336 997 1461 1048 motorium
1472 995 1632 1060 appetendam
1643 995 1771 1056 excurrat,

1152 1086 1230 1136 cauda
1240 1099 1295 1136 eam
1306 1086 1419 1137 verberat
1431 1087 1488 1135 ante
1498 1097 1618 1147 pugnem,

1152 1176 1222 1225 sicuti
1236 1173 1321 1234 andro
1333 1173 1436 1238 θυμω
1452 1173 1529 1226 leonis
1542 1173 1640 1223 lumbos
1652 1173 1775 1223 altruulul
1787 1187 1795 1220 :

1153 1263 1275 1326 probosrls
1285 1264 1367 1313 autern
1374 1262 1426 1325 lam
1437 1264 1510 1323 ante,
1520 1274 1594 1325 quarn
1604 1259 1697 1322 cauda,
1706 1273 1760 1310 eam
1768 1259 1842 1321 urget.

1154 1353 1248 1402 Etenim
1259 1352 1298 1402 rel
1307 1364 1365 1415 aper
1373 1351 1398 1401 ln
1410 1351 1486 1401 leram
1495 1349 1683 1399 inimicissimam
1692 1361 1741 1398 non
1749 1347 1818 1396 laeile
1827 1344 1904 1402 irruet,

1154 1440 1198 1490 nisi
1210 1440 1277 1502 prins
1287 1439 1373 1490 dentes
1382 1438 1414 1488 ad
1424 1437 1515 1502 lapides
1526 1437 1628 1488 acumit.

1185 1531 1245 1578 Eam
1256 1526 1406 1590 longitudine
1416 1526 1520 1590 gaudere
1530 1539 1618 1576 norem
1630 1524 1768 1575 nubilorum

1154 1616 1239 1666 dicunt
1250 1615 1293 1678 qui
1305 1616 1337 1666 de
1349 1618 1436 1666 natura
1446 1615 1587 1664 animalium
1601 1617 1667 1664 reete
1675 1612 1798 1676 iudicant,

1155 1708 1179 1755 et
1187 1703 1794 1768 latitudinequinqueenbitorum‚siqnisreeteeam
1801 1699 1917 1752 emetiatur.

1186 1797 1218 1844 lit
1230 1795 1280 1844 tam
1291 1793 1406 1856 grandem
1421 1793 1528 1842 belluam

1155 1882 1243 1932 amoris
1254 1883 1320 1931 loror
1332 1882 1477 1943 impotenter
1490 1881 1538 1930 urit
1549 1882 1624 1942 etque

1156 1968 1230 2018 eiiioil
1242 1970 1270 2019 ni
1278 1968 1383 2030 proeella
1395 1970 1497 2016 oornutn
1509 1968 1551 2018 irat
1561 1967 1704 2028 arboribus;

1157 2056 1231 2122 litque
1242 2055 1315 2118 iqnis,
1326 2055 1424 2118 quando
1434 2055 1519 2106 incidit
1527 2055 1679 2116 inanimatis,

1156 2157 1211 2206 queo
1222 2149 1293 2194 antea
1301 2144 1409 2194 moribus
1420 2144 1553 2194 mansuetis
1562 2145 1642 2194 lueret
1653 2143 1755 2206 placida.

1158 2233 1226 2282 Soles
1237 2233 1330 2295 palmes
1338 2234 1472 2292 reveretur,
1482 2245 1559 2295 quum
1568 2231 1654 2294 aspicit
1665 2246 1671 2278 :

1157 2322 1223 2371 amai
1233 2319 1298 2370 enim
1309 2331 1350 2370 eas
1360 2355 1367 2381 ,
1378 2322 1407 2368 ul
1414 2319 1505 2370 amoris
1515 2319 1554 2370 sui
1566 2320 1675 2369 tomitem

1158 2410 1182 2458 et
1191 2411 1219 2458 ut
1227 2409 1338 2471 parentes
1348 2409 1518 2469 surculorum,
1528 2407 1618 2470 quibua
1627 2406 1741 2457 rescitur.

1159 2499 1196 2545 lla
1207 2496 1316 2558 petulcus
1327 2493 1395 2545 etad
1405 2494 1498 2544 sottum
1509 2495 1622 2558 pruriens

1159 2582 1223 2632 tollit
1236 2595 1316 2632 ramos
1327 2583 1352 2632 et
1362 2581 1509 2633 densitatem
1518 2582 1587 2632 ailraa
1599 2583 1714 2645 diseofit,

1159 2673 1184 2720 et
1195 2670 1302 2733 anquirit
1310 2671 1380 2720 illum
1388 2683 1486 2720 summo
1494 2669 1576 2720 dudio
1584 2668 1748 2733 appetendum
1759 2679 1849 2724 rorem,

1160 2760 1254 2808 interno
1269 2759 1357 2810 ardore
1373 2761 1488 2810 amans.

1160 2851 1242 2909 Neque
1248 2848 1312 2897 enim
1319 2847 1621 2910 mirnmest,appetitione
1628 2845 1806 2908 oonJunotionis
1812 2855 1864 2894 eum
1869 2850 1921 2900 supe

1159 2926 1201 2989 qni
1213 2927 1304 2988 ipseex
1312 2927 1378 2976 ooitn
1388 2927 1554 2977 etsalionesit
1563 2927 1640 2976 ortus
1867 2916 1923 2983 [riri.

1192 3014 1256 3076 lgnis
1267 3014 1391 3064 llamnram
1401 3027 1459 3064 vero
1469 3013 1611 3064 reformidat
1619 3015 1645 3064 et
1653 3014 1805 3078 eornigerum
1813 3009 1911 3064 arielem·

1160 3115 1190 3151 ae
1201 3103 1342 3164 grunnitum
1354 3114 1468 3165 aprorum
1482 3102 1646 3163 lreqnaatenu

1160 3191 1251 3254 appetii
1261 3205 1319 3241 vero
1333 3190 1421 3240 llornm
1433 3191 1602 3240 amoenilatem

1161 3282 1186 3330 et
1195 3278 1329 3329 oblectatur
1339 3278 1474 3340 liquoribus
1482 3276 1622 3338 odoriferis,

1161 3369 1229 3431 quasi
1240 3367 1322 3417 lautus
1330 3367 1419 3430 aliquis
1429 3367 1502 3416 bomo
1511 3367 1634 3414 variarum
1645 3367 1760 3428 appetem
1768 3364 1903 3416 deliciarum.

1162 3455 1278 3506 Balneum
1290 3457 1373 3505 antem
1384 3454 1429 3506 sibi
1440 3454 1510 3518 parat
1517 3467 1623 3516 opacum
1633 3454 1715 3505 looum
1727 3455 1753 3504 ei
1761 3466 1851 3511 rorern,

1161 3543 1268 3594 sitam
1275 3543 1482 3608 redilsolaresper
1489 3557 1613 3595 murorum
1619 3543 1698 3607 spatis
1705 3543 1831 3607 penetrare
1838 3534 1926 3602 posint

1162 3631 1250 3694 quippe
1262 3631 1425 3694 vespertinum
1435 3631 1510 3695 trigrrs
1519 3645 1577 3682 eum
1588 3630 1699 3682 ollendit.

1162 3718 1272 3786 Vicissim
1282 3733 1358 3782 quum
1368 3720 1462 3770 metatis
1472 3721 1539 3770 oalor
1552 3719 1664 3770 imminet

1163 3821 1252 3871 eorpus
1261 3822 1334 3858 suurn
1345 3809 1411 3872 largo
1420 3809 1479 3859 limo
1488 3809 1589 3870 oblinit,

1162 3898 1277 3946 olentem
1291 3897 1383 3948 muloet
1390 3895 1527 3947 duemabiu
1542 3897 1645 3960 frigore,

1164 3983 1198 4034 ita
1208 3984 1330 4048 llagrantis
1340 3985 1397 4034 solis
1407 3985 1519 4035 ardorem
1532 3984 1672 4035 retundens

1195 4073 1269 4124 Aiunt
1277 4075 1359 4124 antem
1371 4074 1433 4123 bano
1446 4075 1521 4124 laram
1532 4073 1614 4124 valide
1622 4085 1704 4122 amare

1165 4159 1291 4211 mulierem
1300 4161 1442 4224 formosam,
1451 4175 1509 4212 eum
1517 4175 1548 4212 aa
1557 4161 1686 4211 oonrirere
1697 4160 1794 4210 solitum
1804 4174 1811 4208 z

1164 4249 1245 4300 statim
1257 4249 1321 4300 eninr
1333 4250 1417 4300 babitu
1429 4251 1537 4314 eorporis
1545 4249 1613 4300 omni
1625 4250 1648 4300 ei
1658 4249 1804 4308 lenocinari,

1164 4339 1189 4386 et
1197 4337 1338 4400 proboscide
1347 4352 1393 4389 sua
1400 4340 1469 4389 reiut
1476 4339 1576 4389 volsella

1164 4425 1251 4476 dextre
1259 4426 1397 4491 abstergere
1408 4441 1423 4476 a
1435 4427 1495 4478 iarie
1504 4427 1641 4490 lanuginem

1165 4517 1190 4563 et
1202 4527 1273 4578 rugas
1282 4515 1379 4579 penitus
1389 4515 1510 4579 expolire,

1165 4605 1191 4654 et
1199 4604 1307 4654 nativam
1317 4603 1523 4667 pulchritudinem
1534 4605 1558 4653 in
1567 4617 1597 4654 ea
1607 4617 1693 4654 mrsus
1701 4605 1813 4668 pingere,

1165 4693 1228 4741 siml
1238 4691 1325 4742 artilex
1335 4692 1356 4742 si
1368 4692 1555 4742 delineationem
1567 4692 1623 4742 rnll
1633 4692 1789 4742 adumbrare.

1168 4779 1257 4829 Eadem
1268 4780 1410 4843 proboscide
1423 4781 1525 4830 dooetnr
1536 4781 1610 4830 etiam
1622 4781 1720 4844 pingere
1730 4781 1828 4840 litoeaa,

1166 4879 1215 4916 non
1224 4868 1294 4918 aliter
1302 4881 1332 4918 ao
1340 4869 1419 4918 scribe
1429 4869 1520 4931 peritus
1530 4869 1641 4930 οεΙτιιιο,

1166 4955 1224 5004 dum
1236 4957 1338 5008 lndueel
1347 4957 1436 5008 ductans
1445 4957 1570 5007 literarum
1580 4956 1655 5020 digito
1665 4957 1799 5018 monstrat,

1166 5043 1234 5105 quasi
1245 5045 1295 5094 lere
1302 5044 1357 5107 quir
1364 5058 1394 5095 ox
1403 5045 1577 5096 mimorum
1585 5045 1712 5096 scriberet.

1199 5134 1273 5180 rum
1281 5131 1313 5182 ω
1321 5131 1392 5184 sore
1399 5135 1426 5183 ιι
1433 5111 1527 5183 erud
1538 5135 1564 5184 e
1573 5147 1689 5184 mmm
1699 5133 1800 5196 pum
