4058 6092
794 492 1010 552 PnAExltto.
1620 489 1691 546 xxix

150 634 176 678 tn
187 627 300 678 Uelnebli
310 627 430 676 editione:
634 631 660 675 tn
672 625 850 690 beneditione:
960 629 986 671 tn
998 621 1109 672 Meinelsli
1122 620 1240 668 editione:
1445 623 1471 665 tn
1482 616 1528 664 linc
1539 615 1661 664 editione:

460 715 539 770 Vlll·
992 731 1033 768 ro.
1054 711 1122 789 χαλᾷ
1143 748 1512 766 .............
1534 702 1613 782 polsi,
1630 701 1672 782 (7)

201 795 227 855 ⁵·
249 794 262 820 '
276 791 365 872 dpotxo
387 833 662 850 ··········
678 789 862 870 ruudpotropl
993 808 1034 864 tl..
1058 799 1092 860 εἰς
1107 791 1196 854 Ἀΐδεω
1219 832 1527 852 ...........
1551 789 1640 849 lutto

476 882 529 938 ῙΧ·
992 887 1034 942 16.
1058 887 1092 948 ὡς
1115 921 1518 940 ..............
1540 875 1601 934 ὅσον
1613 876 1653 956 (8)

201 981 225 1018 ¹·
247 955 418 1039 'bernuin
439 1001 655 1016 ········
678 954 857 1036 Ἀγρονενείας
991 992 1035 1045 19.
1058 974 1094 1028 nt
1116 1010 1543 1029 ...............
1567 964 1607 1022 nt

481 1048 520 1105 X·
990 1077 1035 1114 αα.
1058 1056 1086 1114 δέ
1100 1061 1123 1114 ol
1139 1058 1210 1136 αὐτῷ
1233 1097 1458 1113 ........
1481 1054 1503 1110 δ’
1521 1054 1632 1130 ἐνιαυτῷ
1649 1050 1693 1130 (9)

201 1147 225 1186 ¹·
246 1123 295 1196 ἠδὲ
317 1165 713 1184 ··············
735 1123 767 1194 ’li
783 1125 822 1202 (θ.)
987 1153 1033 1212 ab.
1057 1144 1135 1208 δᾶοας
1158 1185 1467 1203 ...........
1493 1140 1614 1216 δαμάσας
1631 1138 1692 1218 (ιο)

198 1213 225 1271 3.
247 1211 273 1270 sl
284 1215 385 1270 νυ-τί
398 1234 438 1270 νιν
451 1209 531 1270 obrui.
541 1253 551 1272 .
563 1209 602 1269 .ri
614 1209 682 1268 τθ-
692 1205 745 1270 τεῒν
760 1212 827 1290 αὐτᾷ
839 1211 880 1288 (3)
986 1255 1033 1305 27.
1056 1232 1241 1313 φαρμαχόεντα
1264 1274 1391 1292 .....
1414 1229 1552 1312 φάρμακόν
1568 1231 1621 1286 ἐντι
1632 1232 1657 1307 (1
1666 1225 1692 1306 ι)

471 1303 527 1357 Xl'
988 1324 1034 1380 28.
1055 1321 1120 1379 λάὸε
1143 1362 1540 1382 ..............
1561 1314 1626 1374 λαὸἕ

198 1401 223 1438 2.
246 1377 379 1456 ἐπιμώιτο
389 1420 664 1438 ..........
687 1376 828 1454 &papaten
840 1375 880 1453 (bl

197 1469 224 1524 3.
245 1465 378 1548 ἀμὸρσσίῃ
400 1509 529 1526 .....
553 1507 559 1550 3
583 1511 590 1524 .
612 1463 746 1546 αἰμὸροσία)
758 1484 793 1522 ex
805 1464 880 1540 conj.
1289 1453 1326 1506 11·

281 1631 288 1656 (
465 1557 533 1612 ΧΠ·
693 1634 699 1650 ,
727 1631 733 1651 ,
863 1629 869 1640 ,
986 1571 1031 1627 30.
1053 1568 1186 1628 ἐντύναιτο
1208 1612 1483 1627 ..........
1504 1565 1652 1624 ἐντύναιντυ

198 1655 223 1694 ¹·
246 1635 312 1712 lim
334 1673 673 1692 ············
688 1655 739 1709 εΥω
755 1651 791 1687 ex
805 1650 879 1705 ⁰⁰⁰1·
987 1659 1032 1715 31.
1054 1655 1219 1737 pntdptinosro
1242 1697 1492 1716 .........
1509 1651 1691 1734 ραιδρύνυιντσ

463 1725 528 1780 XV·
986 1746 1031 1801 32.
1054 1743 1138 1822 λείρια
1150 1745 1238 1823 κίρσοι
1261 1786 1419 1805 ......
1441 1741 1517 1820 bthl’
1530 1738 1639 1819 tplpsn
1649 1736 1690 1818 (¹)

200 1823 223 1860 s.
244 1799 300 1860 eliu
315 1800 398 1866 ἰαίσας
420 1838 579 1860 ......
595 1798 742 1864 αἷιναοίσας
753 1819 789 1856 ex
803 1797 878 1873 conj.
985 1842 1032 1904 47·
1054 1835 1137 1902 κυανῆ
1154 1872 1434 1890 ..........
1446 1829 1543 1898 κυανέη
1560 1849 1597 1886 ex
1611 1826 1689 1902 conj·

245 1972 259 1999 .
447 1892 537 1988 ,ΧΠ
685 1975 694 1986 .
803 1967 809 1988 .
986 1921 1031 1978 60.
1053 1919 1149 1998 ταρσὸν
1164 1917 1375 1982 ἀναπλώσας-.
1385 1963 1391 1974 .
1402 1917 1499 1996 ,ταρσθι
1515 1917 1538 1976 δ’
1554 1917 1692 1974 dunnin-

195 1990 224 2032 ο.
271 1969 456 2048 septb-noser
479 2011 605 2026 .....
626 1989 811 2043 ποιει-τιμα
825 1965 858 2046 (5)
1222 2012 1284 2077 νηῦς
1571 2009 1642 2078 νηῦς,
1656 2003 1692 2083 (2(

985 2097 1032 2153 63.
1054 2095 1175 2166 ἐςήλυθον
1186 2096 1369 2172 ἀνθεμόεντας.
1382 2139 1389 2152 .
1403 2097 1458 2153 ,ἐπ’
1473 2097 1526 2152 ἀνθ.
1544 2093 1633 2152 ἵκανον
1650 2093 1691 2172 (3)

394 2172 595 2238 MOSCHUS·
985 2185 1032 2255 67.
1053 2184 1192 2269 θαλέθεσκε
1209 2224 1489 2243 ..........
1506 2181 1634 2240 πίπτεσιιε
1649 2177 1691 2258 (d)

488 2287 512 2341 l.
986 2292 1032 2346 79·
1055 2270 1158 2346 γίγνετο
1180 2313 1521 2331 ............
1543 2269 1637 2345 γίνετο.

197 2379 223 2430 7.
246 2359 317 2438 αὐτῷ
336 2402 701 2420 .............
716 2360 786 2416 αὐτῶ
799 2359 840 2436 (6)
987 2360 1033 2415 82.
1054 2357 1167 2437 ποίμνῃς
1189 2401 1471 2419 ..........
1494 2356 1617 2432 ποίμναις
1630 2356 1672 2436 (5)

441 2097 552 2113 -Φ-

120 2561 164 2614 384
176 2573 213 2624 sq.
222 2584 255 2595 -
267 2557 384 2621 Bes-gliris
394 2557 492 2623 conjicit
503 2573 526 2606 v.
538 2567 553 2615 4
570 2558 593 2607 τί
605 2574 647 2621 μοι
658 2559 735 2617 πλῆον
756 2559 817 2608 πολὺ
838 2575 881 2621 μο-
927 2558 1071 2624 pronomina
1084 2558 1157 2614 τόσος
1174 2567 1198 2607 et
1210 2560 1276 2614 ὅσος.
1288 2586 1320 2594 -
1331 2562 1364 2610 V.
1381 2574 1412 2620 ¹9
1429 2558 1467 2607 ἀεί
1480 2556 1548 2607 codd.
1561 2559 1586 2606 S.
1600 2559 1627 2610 Υ.
1643 2559 1693 2607 Cas·

117 2635 189 2698 χθῆνς
203 2641 228 2682 et
241 2649 263 2682 r.
278 2649 304 2681 τι
318 2633 433 2696 ααμάτω.
924 2651 971 2685 sar.
986 2633 1093 2682 Vindob.

150 2711 187 2770 (1)
205 2707 244 2756 Sic
257 2706 341 2773 scripsi
355 2723 384 2756 ex
396 2707 540 2771 conjectore.
555 2709 615 2756 Nom
629 2731 640 2752 ι
650 2707 735 2772 sepius
749 2707 795 2756 hoc
810 2705 879 2755 modo
958 2709 994 2774 (9)
1011 2708 1087 2758 Codd.
1100 2707 1121 2758 δ’
1132 2708 1167 2756 ἐνὶ
1181 2710 1262 2771 αὐτῷ,
1275 2709 1338 2758 unde
1346 2709 1504 2774 probabiliter
1513 2708 1575 2758 ernit
1589 2710 1693 2772 ἐνιαυτῷ

117 2783 280 2832 arrtecsdenso
290 2781 483 2848 propositionem
496 2782 541 2831 σὺν
551 2781 677 2848 absorpsit.
689 2805 701 2827 a
714 2780 879 2850 Wyttenbocb.
899 2842 905 2856 ἴ
924 2783 1052 2846 Briggsins.
1067 2799 1139 2846 quern
1155 2783 1208 2832 ride
1223 2785 1248 2832 in
1259 2783 1383 2834 Addendis
1395 2803 1420 2851 p.
1435 2787 1494 2841 418.
1589 2790 1594 2797 '

118 2875 143 2906 ιιι
152 2861 196 2924 tsp.
209 2857 263 2907 crit.
278 2873 303 2922 p.
320 2859 369 2906 τθο
386 2856 424 2905 ed.
438 2857 502 2922 Lips.
514 2883 546 2892 -
557 2859 587 2906 V.
602 2876 623 2917 7.
644 2862 680 2906 De
699 2857 796 2906 notione
813 2857 879 2906 verbs
958 2859 1010 2922 (ιο)
1019 2859 1134 2922 Quinque
1146 2859 1217 2910 codd.
1226 2858 1310 2909 Pariss.
1325 2860 1435 2910 Meinelt.
1447 2860 1473 2909 in
1487 2859 1568 2925 priore
1577 2858 1692 2909 editione.

117 2932 208 2996 ἄμυνεν
223 2932 272 2983 vid.
285 2931 392 2983 Pierson.
406 2931 432 2980 in
443 2935 514 2981 Mor.
528 2949 553 2998 p.
568 2942 598 2992 ρ(
618 2934 657 2982 ed.
671 2933 770 2996 Καρία,
791 2949 881 2999 quam·
959 2933 1011 2998 (ιι)
1031 2932 1106 2982 Iidcnr
1121 2934 1191 2984 codd.
1207 2933 1279 2985 Paris.
1295 2937 1382 2986 Cesar.
1397 2935 1435 2985 ed.
1449 2937 1514 2984 Cret.
1524 2933 1692 2999 Brub.Stepb.

117 3023 188 3073 qnam
199 3006 297 3056 notione
314 3004 444 3054 ulciscendi
455 3005 513 3054 alias
525 3005 629 3054 medinm
642 3017 666 3055 et
682 3007 728 3056 elia
741 3006 807 3057 serbi
820 3017 880 3055 stru·
924 3007 1065 3066 Dorvillius,
1081 3007 1224 3056 Fritzsclrins
1236 3027 1261 3074 p.
1276 3011 1307 3057 62
1322 3009 1378 3061 coll.
1392 3010 1496 3060 Tlreocr.
1511 3012 1569 3058 XV.
1587 3010 1645 3063 148.

117 3090 183 3132 ctnrs
197 3081 327 3130 invonitur.
340 3079 476 3130 Sednctivo
489 3079 584 3129 videtur
603 3097 658 3129 usus
671 3097 721 3130 esse
734 3081 794 3140 Ilio,
816 3079 881 3146 qnod
958 3082 993 3144 (r)
1011 3086 1046 3130 Ex
1063 3082 1160 3146 optimis
1177 3082 1248 3130 codd.
1269 3099 1323 3133 cum
1341 3081 1570 3148 ltoissonndo.lnps'
1590 3083 1695 3148 ἀμέρσαι

118 3157 297 3207 ultionontsm
309 3154 445 3220 ingratiam
459 3153 535 3221 ipsius
553 3155 636 3204 ultoris
648 3155 666 3203 i.
681 3171 702 3206 e.
719 3155 881 3213 echino-ed
925 3157 1011 3205 Caesar.
1028 3154 1134 3204 Vindob.
1158 3159 1195 3204 De
1215 3155 1282 3204 rcrbi
1300 3166 1417 3221 potestate
1438 3156 1469 3207 cl.
1495 3161 1567 3206 Leon.
1590 3159 1647 3206 Τατ.
1670 3155 1695 3204 in

118 3232 256 3296 ingratiam
274 3231 424 3286 θνάσαοντος
440 3230 458 3278 i.
474 3245 496 3280 s.
518 3229 620 3278 rsnoeti
634 3229 693 3279 lacta
708 3239 752 3280 est.
775 3234 804 3280 In
825 3229 881 3281 uod.
925 3229 1057 3280 Antbl’al,
1069 3235 1123 3279 t'll.
1134 3232 1181 3290 657
1196 3230 1256 3292 (sire
1270 3230 1420 3280 inMeinelii
1430 3231 1521 3281 Dclcct.
1532 3249 1554 3296 p.
1564 3229 1695 3295 49);ιίαρι

117 3305 227 3356 vindob.
240 3303 309 3355 Stob.
324 3303 391 3353 deest
400 3302 447 3354 boo
458 3318 553 3352 osrsnsn
566 3302 636 3352 sicuti
647 3307 682 3354 Χ.
925 3304 952 3354 tt
964 3307 1055 3371 πρώτῳ
1069 3306 1196 3368 λειμώνιον
1218 3305 1290 3361 ἄνθος
1307 3307 1444 3371 &pepone
1460 3307 1567 3372 χωρίτας
1584 3307 1694 3369 στερέτω

150 3382 187 3446 (α)
205 3379 304 3430 Codices
321 3385 353 3428 Δ.
373 3382 403 3429 Β.
417 3379 480 3444 npnd
494 3377 617 3428 stobaeum
636 3378 713 3428 Gaisl.
735 3378 826 3428 habent
839 3378 882 3438 ἠέ,
926 3380 1019 3444 τύμθαν
1033 3381 1092 3444 ἐμὸν
1104 3381 1228 3444 στεφάνῳ.
1243 3381 1378 3430 Procedens
1391 3381 1506 3446 pluralis,
1520 3380 1562 3445 qui
1576 3379 1694 3430 bonorum

117 3457 183 3522 qnod
195 3457 245 3520 jnrn
257 3452 333 3504 rolnit
345 3457 370 3504 J.
385 3457 417 3504 ll.
430 3456 500 3503 Voss.
926 3454 1034 3504 codicum
1045 3455 1127 3520 (etiarn
1139 3458 1225 3506 Cresnr.
1237 3454 1358 3520 vindob.)
1372 3455 1512 3505 auctoritate
1523 3456 1695 3522 flrmntnr‚jarn

151 3532 188 3597 (3)
206 3529 306 3582 Codices
313 3527 402 3578 stobst
411 3527 470 3577 dant
482 3527 593 3588 τίνυνται,
608 3526 633 3575 in
641 3542 692 3591 qno
699 3536 799 3593 sppsret
811 3529 883 3576 latere
928 3530 1016 3596 placuit
1029 3531 1190 3580 Valckenario
1204 3540 1226 3578 ct
1241 3530 1339 3580 delendi
1351 3546 1419 3596 posse
1432 3531 1492 3579 milri
1506 3531 1607 3590 ridetur,
1620 3548 1695 3597 qnnm

117 3608 153 3657 τίν
167 3605 232 3656 αὐτά
243 3603 293 3654 sire
305 3603 342 3652 τίν
354 3601 425 3671 αὐτᾷ.
438 3602 515 3668 ldqne
527 3601 553 3650 in
566 3591 616 3650 rsit
633 3601 698 3669 αὐτᾷ
714 3610 831 3651 mutatum
844 3619 882 3651 re·
927 3607 952 3654 in
968 3605 1039 3654 uerbo
1053 3607 1158 3671 ἀμέρσαι
1169 3607 1234 3656 alind
1246 3615 1340 3670 tenipus
1352 3615 1465 3671 sequatur
1477 3605 1551 3671 idque
1564 3623 1608 3672 per
1625 3607 1696 3672 parti·

117 3681 179 3748 cepi,
192 3697 242 3748 qno
254 3679 317 3729 lucto
328 3695 358 3728 νυ
370 3677 465 3728 conexi
479 3676 504 3726 in
516 3677 557 3726 τίν.
571 3680 608 3726 De
620 3675 738 3726 sententis
748 3675 778 3726 ot
788 3678 881 3727 Mosch.
927 3681 1004 3729 c‘ulnnr
1019 3682 1101 3738 ὁπότε,
1116 3697 1193 3746 neque
1206 3683 1285 3730 denuo
1298 3683 1349 3742 ώτε,
1357 3680 1520 3731 introductum
1530 3681 1570 3732 sit.
1580 3709 1612 3718 -
1621 3685 1654 3732 V.
1663 3692 1693 3742 47

117 3765 137 3808 l.
153 3773 195 3809 ns.
209 3755 292 3822 ibique
304 3754 415 3806 Boisson.
927 3757 1075 3815 conseiller.
1092 3757 1202 3808 Vindob.
1223 3755 1293 3806 sicuti
1313 3755 1426 3805 Sclnaeler.
1440 3760 1511 3804 —V.
1533 3758 1562 3817 57
1580 3756 1650 3805 codd.
1665 3759 1694 3806 C.

149 3835 184 3899 (t)
201 3831 339 3884 Moschus
359 3829 449 3897 ipsein
461 3830 529 3880 Ansl.
543 3830 615 3879 Alex.
635 3846 659 3896 p.
680 3831 727 3885 134
744 3845 810 3879 snam
828 3845 882 3877 scn-
928 3837 957 3880 tt.
972 3834 1057 3880 Cesar.
1071 3840 1094 3878 et
1109 3831 1162 3879 edd.
1177 3831 1234 3882 Ald.
1257 3833 1319 3880 Crat.
1339 3829 1416 3881 ltrnb.
1432 3830 1613 3893 κεκλασμένας.
1631 3831 1696 3896 quod

118 3909 216 3959 tentisns
228 3903 373 3958 retrsctsvit.
927 3922 977 3954 esse
991 3903 1085 3952 videtur
1098 3905 1276 3967 πεπλασμένος.
1288 3905 1325 3955 Cl.
1340 3905 1445 3954 Ἰλιεῦσι.
1460 3908 1516 3954 vn.
1537 3915 1578 3963 tt.

149 3985 186 4049 (5)
203 3985 236 4033 Ut
249 3991 352 4031 metrum
365 3989 430 4030 uerte
449 3980 540 4028 salsum
558 3987 634 4038 esset,
652 3996 706 4028 cum
723 3982 841 4029 Mansone
860 3988 884 4028 et
961 3982 997 4046 (ο)
1015 3983 1095 4045 ταρσὰ
1109 3980 1129 4029 δ’
1142 3981 1288 4037 ἀναπλώσας
1301 3997 1330 4029 ex
1344 3981 1409 4046 conj.
1426 3979 1548 4031 Scbaelcri.
1564 3981 1656 4031 Vocula
1668 3999 1695 4032 rs

117 4059 221 4125 Briggsio
234 4056 315 4124 recepi
328 4055 482 4106 Valckenarii
495 4055 672 4120 conjecturam
685 4059 793 4121 Guyetus
805 4053 881 4122 suspi·
929 4066 980 4123 post
995 4055 1050 4112 ώςεθ
1061 4055 1147 4120 copulo
1167 4072 1216 4104 csse
1230 4071 1278 4103 non
1300 4064 1393 4120 potest,
1409 4070 1481 4120 qunrn
1497 4070 1545 4103 non
1566 4066 1695 4121 apparent,

116 4143 183 4184 cntns
195 4141 231 4182 est
245 4133 331 4197 μιαθθν
344 4131 417 4181 ἰδία·
432 4129 493 4195 τιμά
506 4131 568 4188 νιτλ.,
582 4128 647 4193 qnod
662 4129 773 4189 Grotius,
789 4134 884 4194 Longo·
927 4133 1047 4196 quomodo
1060 4130 1118 4178 remi
1132 4132 1199 4179 tracis
1213 4131 1311 4196 (ταρσοί
1323 4131 1352 4180 cl.
1367 4128 1448 4178 Boelsr.
1464 4129 1489 4178 in
1501 4130 1694 4181 Herodotvlll.

119 4220 228 4274 petreus,
240 4207 333 4258 Scbier.
347 4204 455 4255 Brunck.
465 4204 583 4253 Tenclrer.
598 4203 638 4252 alii
651 4205 795 4271 probarunt,
811 4208 835 4254 J.
850 4209 883 4256 ll.
933 4225 970 4256 rs.
984 4217 1007 4256 et
1019 4205 1123 4272 interpp.
1137 4207 1163 4256 in
1174 4205 1284 4274 Thucyd.
1300 4210 1359 4256 VII.
1375 4207 1417 4270 to)
1436 4205 1526 4271 possint
1542 4207 1696 4271 περιοιιέπειν

118 4289 188 4334 Voss.
201 4285 286 4348 μισθὸν
299 4283 362 4341 nn,
372 4279 481 4331 Boisson.
495 4280 561 4328 δῶκα
573 4278 655 4345 γέρας.
668 4279 844 4330 Wordswortb.
859 4279 884 4327 in
929 4283 959 4331 τὰ
971 4281 1062 4347 χείλεα.
1080 4281 1138 4329 lnde
1151 4280 1314 4347 consequitur,
1329 4291 1354 4330 ut
1369 4281 1424 4337 ώςεί
1436 4296 1462 4329 rs
1474 4289 1538 4329 srctc
1547 4281 1663 4329 cobserent
1674 4291 1697 4330 et

118 4357 219 4408 'l'beocr.
230 4360 300 4407 vm.
311 4357 357 4414 td:
372 4354 479 4412 ίθωιιαν,
492 4353 567 4418 μηδὲ
579 4354 611 4402 τὰ
618 4354 752 4420 πράγματα
761 4353 885 4420 ιιρὲσοονα
930 4367 981 4421 post
995 4355 1054 4414 νηῦς
1068 4356 1155 4420 virgula
1169 4355 1333 4405 distinctionis
1346 4355 1458 4422 portenda
1470 4353 1508 4402 sit.
1525 4354 1562 4406 Cl.
1578 4353 1640 4404 inira
1650 4359 1694 4404 tv.

118 4433 208 4483 ποίιι.
929 4434 955 4481 5.
973 4435 1030 4480 113.
1046 4441 1070 4479 et
1078 4431 1169 4480 Neuius
1180 4430 1206 4479 in
1216 4428 1292 4497 soph.
1304 4430 1385 4495 Antig.
1400 4432 1448 4478 653
1462 4431 1519 4491 (647
1532 4429 1570 4478 ed.
1583 4431 1697 4496 Wnnd).

153 4509 187 4571 (6)
204 4510 240 4554 Ita
252 4505 307 4558 ond.
319 4509 374 4556 Par.
396 4505 475 4564 27⁶⁵.
488 4501 576 4568 reliqui
595 4510 708 4566 quattuor
729 4504 806 4553 αὐτοῦ
824 4503 885 4552 siout
963 4507 998 4570 (3)
1015 4508 1070 4555 ans
1084 4506 1184 4571 protulit
1200 4505 1336 4556 Metuetnn
1351 4505 1458 4554 codicum
1479 4503 1574 4568 vestigia
1594 4516 1696 4558 mutus.

120 4585 207 4632 cnm.
219 4577 328 4632 Vindob.
342 4587 367 4628 et
380 4577 437 4632 sdd.
452 4581 517 4630 Crat.
532 4577 609 4629 Brnb.
622 4577 706 4645 Stepb.
963 4583 998 4644 (t)
1015 4581 1097 4630 Verbo
1112 4584 1242 4631 belebrone
1255 4581 1348 4631 obstare
1361 4578 1501 4630 adverbium
1514 4578 1584 4645 ἔραζε
1598 4579 1624 4630 in
1637 4579 1664 4633 h.
1679 4580 1697 4633 l.

153 4657 190 4720 (7)
205 4659 241 4704 Ex
253 4656 390 4718 conjecturs
408 4651 576 4712 sustentet,
598 4652 711 4718 probante
728 4653 840 4717 Berglio.
853 4681 883 4689 —-
929 4657 1073 4706 adnotarunt
1085 4657 1236 4722 Pilenejnset
1253 4657 1349 4708 Harles.
1358 4659 1430 4708 —V.
1445 4672 1476 4719 79
1490 4655 1580 4718 γίνιτο,
1594 4655 1660 4721 qnod
1671 4657 1697 4707 in

119 4739 150 4781 V.
171 4739 209 4787 st.
230 4727 423 4794 Prnpositionem
441 4727 476 4784 τίς
491 4726 568 4776 delevi
581 4743 611 4776 ex
626 4727 698 4779 codd.
713 4731 737 4778 S.
755 4731 782 4778 Υ.
799 4733 884 4780 Coesnr.
930 4731 1052 4781 codicibus
1066 4735 1093 4784 F.
1105 4735 1137 4783 N.
1154 4733 1219 4792 lutet,
1229 4731 1316 4782 diserte
1329 4735 1415 4782 Cesar.
1426 4730 1537 4781 Vindob.

119 4811 227 4861 Pam.
242 4812 291 4862 tto
301 4819 356 4852 cuns
369 4801 499 4852 Fritzscltio
513 4820 536 4868 p.
548 4806 589 4859 63.
602 4803 644 4868 qni
655 4803 828 4855 additsnvoc.
844 4807 887 4856 ’nt-
964 4808 1001 4870 (5)
1018 4809 1104 4856 tersui
1132 4811 1162 4856 82
1188 4815 1301 4856 monente
1318 4804 1477 4854 Valckenario
1494 4805 1580 4870 spuriss
1601 4807 1700 4870 originis

118 4887 166 4936 δίω
185 4879 355 4950 quadrisyllsbi
377 4878 486 4944 exempla
503 4879 597 4943 collegit
614 4880 740 4930 Jacobsins
760 4882 789 4930 nd
809 4881 885 4933 Antb.
931 4891 1013 4930 notant
1034 4881 1121 4947 adjecit
1138 4883 1232 4933 Harles.
1254 4880 1390 4930 Meinelcins
1408 4897 1490 4928 versun
1503 4883 1533 4927 82
1551 4889 1574 4929 et
1587 4882 1618 4929 83
1633 4884 1700 4933 uncis

119 4965 175 5011 vll.
189 4961 239 5014 θαι
253 4959 290 5025 (p.
304 4957 372 5017 574),
386 4950 417 5002 de
429 4952 597 5019 pmpositione
609 4954 640 5006 cl.
654 4959 843 5005 Wi'tstesnannus
856 4957 886 5006 ad
932 4956 1087 5008 inclusit.Sed
1097 4974 1171 5022 qnunt
1184 4957 1208 5004 in
1217 4953 1321 5006 codd.C.
1330 4959 1437 5014 tt.S.‚ns
1448 4954 1585 5004 Gnislordio
1596 4956 1697 5020 videtur,

119 5036 224 5086 Theocr.
238 5033 273 5085 id.
287 5035 308 5082 1.
327 5033 370 5081 83.
381 5051 393 5071 ι
416 5027 486 5078 adde
498 5043 553 5093 qun
574 5027 599 5076 in
614 5030 696 5078 ltionis
710 5031 744 5082 id.
757 5033 779 5080 l.
802 5033 832 5079 52
846 5031 886 5078 ad·
931 5043 955 5081 et
967 5042 1029 5080 ccrte
1042 5032 1067 5080 in
1080 5035 1165 5082 Cesar.
1179 5030 1287 5080 Vindob.
1302 5039 1325 5078 et
1339 5029 1461 5080 cdd.Call.
1475 5030 1619 5082 Aldllrsin.
1633 5035 1699 5086 Crat.

118 5109 211 5177 scripsi.
933 5107 1007 5158 Brnb.
1026 5106 1104 5155 desint
1122 5122 1201 5154 verens
1214 5107 1242 5151 81
1258 5113 1282 5152 et
1299 5108 1337 5164 θα,
1360 5105 1434 5170 prussis
1455 5103 1525 5154 etiam
1541 5105 1578 5154 bis
1593 5108 1702 5158 versibus

153 5191 189 5252 (ll)
204 5186 263 5237 ὅσον
277 5183 385 5251 quinquo
397 5180 468 5230 codd.
485 5183 551 5229 ran.
567 5179 621 5230 edd.
646 5183 711 5232 Crat.
721 5181 796 5232 Brnb.
806 5182 887 5248 Steplr.
933 5183 1013 5246 ejectis
1024 5179 1138 5247 suspicari
1153 5187 1248 5244 poetam
1263 5178 1397 5245 scripsisse:
1409 5180 1456 5246 οὐχ
1465 5171 1517 5234 olor
1527 5182 1645 5245 σταθμοῖς
1656 5185 1702 5234 ἐνι-

121 5263 229 5314 boisson.
239 5259 272 5310 lli
285 5267 360 5326 poete
373 5263 483 5323 querunt
493 5270 604 5304 numeros
614 5257 767 5308 volubiliores
775 5267 799 5306 et
808 5265 888 5306 ament
933 5259 1056 5322 ps'pdsret,
1073 5253 1130 5304 οὐδὲ
1147 5253 1190 5318 μὲν
1209 5245 1261 5309 σίας
1273 5252 1375 5320 αὐχέν’
1389 5253 1536 5317 ίιποθμηθεθς
1550 5255 1616 5320 ἐρώει
1624 5259 1697 5307 πολύ·
