3992 6078
298 435 336 503 tt
767 443 844 504 ΤΟΥ
865 445 962 506 ullu
982 447 1181 508 niumm
1202 446 1443 507 Entellinus.

364 569 457 651 Ἡμεῖς
470 570 680 652 θθπαταγσῦμιν
692 571 782 656 ῶσπερ
798 573 891 654 ιἰγέλοιι

311 681 351 724 εστ
365 665 482 738 πτηνῶν,
495 662 626 735 Βασιλιῶ,
640 667 716 722 τοῦτο
728 663 760 734 δὴ
773 667 825 722 τῶν
840 661 979 758 imminu,

363 747 426 810 ὅταν
439 752 541 829 ὁρῶμεν
553 748 606 809 ἀπὸ
617 754 664 828 γῆς
676 751 816 833 μετάρσιον

363 838 420 906 ταῖς
431 841 483 898 τῶν
497 841 596 920 φρενῶν
611 837 730 918 πτέρυξιν
745 839 937 918 ἐσκευασμένον

365 925 409 985 τὸν
423 923 499 988 θετόν
513 948 544 985 σι
555 925 599 985 τὸν
612 925 722 999 θεόπτην
735 932 781 987 τοῦ
797 927 916 1006 κράτους.

402 1015 473 1078 Ἀλλ’
487 1013 539 1097 ιῐγι
554 1015 635 1098 prul,
646 1018 777 1092 Βασιλεῦ,
791 1016 821 1076 τὸ
833 1015 932 1097 θηρίον,

308 1125 349 1167 ³7⁰
361 1103 376 1164 θ
390 1105 472 1182 μηθέν
485 1105 519 1172 εἰς
531 1103 620 1178 ὄνησιν
632 1105 776 1186 ἀνθρώποις
790 1105 879 1187 φέρει,

362 1192 412 1252 κᾶν
425 1216 493 1252 τισιν
506 1191 569 1260 leur<
581 1193 629 1264 τὴν
641 1193 742 1276 γλυφὴν
754 1195 805 1252 τῶν
818 1192 914 1252 ὀστέων

363 1278 428 1362 πρθς
439 1279 531 1362 θρέψιν
543 1277 686 1359 θῶρέτητος
701 1280 837 1351 ἀπλήστου
851 1280 964 1360 τρόπου,

363 1367 398 1434 εἰς
408 1366 464 1448 τρλς
477 1367 569 1428 έκοτὸν
584 1368 749 1435 συντεθέντας
762 1371 809 1440 ζῆν
824 1367 950 1449 χρόνους,
962 1376 967 1386 “

364 1454 396 1514 σθ
408 1456 504 1523 παντὸς
515 1455 651 1537 ἐλέφαντος
663 1455 765 1538 ὀφθεέης
779 1458 858 1516 πλέον

310 1563 350 1605 ³7⁵
365 1541 435 1623 βιοὺς
450 1543 482 1604 δι’
495 1548 566 1621 ἡμᾶς
581 1547 632 1603 τῶν
647 1548 712 1604 ἐτῶν
727 1568 774 1605 σου
787 1546 832 1604 τὸν
849 1545 958 1627 δρόμον·

364 1630 456 1713 έχθρθς
470 1629 501 1690 δέ
516 1641 586 1708 πᾶς,
602 1629 708 1704 ἢθῆλος
724 1633 742 1706 ἢ
754 1633 949 1712 κεκρυμμένος,

361 1719 414 1810 πρὸ
423 1721 475 1778 τῶν
486 1721 572 1778 ποδῶν
585 1743 630 1780 σου
642 1727 705 1800 χοῶς
719 1724 818 1802 βραχὺς
829 1720 929 1798 γένοιτό
943 1745 983 1780 σοι

364 1811 422 1866 θεοῦ
434 1808 464 1868 τθ
476 1809 570 1868 σεπτθν
584 1809 756 1886 ιῦγενέζιντος
767 1810 862 1890 κράτος

363 1897 409 1955 κοιλ
424 1901 470 1968 τῆς
481 1898 593 1969 ἀληθοῦς
605 1903 651 1956 τοῦ
663 1900 722 1957 θεοῦ
735 1899 909 1979 λοχευτρίιις,

311 2004 352 2044 mu
364 1987 403 2065 ἐφ’
415 1985 448 2058 ἣν
464 1985 579 2064 βιθαιοίς
590 1991 638 2058 τῆς
649 1989 735 2067 ψυχῆς
749 1987 795 2054 τὰς·
807 1986 929 2063 ἐλπίδας,

365 2073 534 2156 Αθτθιιρστορ
546 2075 667 2154 μέγιστε,
678 2080 724 2134 τοῦ
736 2074 825 2155 γένους
838 2075 905 2135 λέον.

1126 587 1175 636 lios
1183 585 1265 634 autem
1275 583 1497 644 ulreumsirepimus
1507 585 1532 632 te
1543 584 1723 632 muneratum:

1123 673 1208 724 alitum
1217 673 1388 736 crepitantium
1398 707 1405 733 ‚
1415 687 1430 721 ο
1440 675 1507 731 lter,
1517 671 1541 720 irl
1552 670 1617 733 qnod
1628 671 1759 720 animantes
1771 669 1864 718 licium.

1123 774 1201 824 quum
1211 760 1343 810 videmuee
1353 761 1419 809 term
1430 758 1558 808 sublimem
1567 757 1654 808 attolli.

1123 848 1305 912 eapleutleeimoe
1316 847 1403 898 mentis
1417 847 1500 910 pennis
1511 847 1657 898 instructum

1123 939 1149 987 te
1159 937 1291 999 malestatis
1300 937 1405 998 equilum
1416 937 1443 985 in
1455 939 1533 986 Deum
1545 935 1690 985 intuentem.

1156 1028 1334 1085 veruntamen,
1344 1027 1410 1083 ltux,
1420 1024 1440 1074 si
1451 1024 1533 1074 lerunt
1543 1025 1614 1074 istam
1624 1023 1743 1082 belluam,

1126 1126 1182 1175 qum
1191 1113 1282 1162 nullam
1293 1111 1431 1162 huminibus
1441 1112 1571 1161 utilitatem
1582 1113 1696 1174 prestat,

1125 1201 1169 1250 uisi
1181 1202 1244 1250 torte
1253 1199 1375 1250 nonnuliis
1384 1199 1509 1249 eboriesui
1519 1200 1670 1262 sculpturam

1124 1289 1155 1338 ed
1165 1289 1314 1339 lautitiarum
1325 1289 1529 1350 intemperantem
1541 1288 1643 1348 luxum,

1125 1377 1257 1439 producere
1269 1379 1345 1426 vitam
1359 1377 1389 1425 ad
1403 1378 1524 1426 treueutos
1535 1375 1663 1426 continuos
1674 1390 1765 1426 eunus:

1125 1469 1151 1514 lu
1164 1466 1319 1528 ampliorem,
1333 1479 1406 1529 quam
1419 1467 1484 1516 ullus
1496 1478 1604 1529 unquam
1621 1465 1730 1528 elephas,
1743 1467 1837 1513 cernaris

1125 1554 1246 1616 permetiri
1257 1567 1376 1604 annorum
1388 1553 1445 1603 vitae
1454 1567 1552 1603 cursum
1564 1556 1647 1604 neetm
1661 1553 1785 1602 commodo
1797 1574 1802 1602 z

1124 1643 1224 1705 quilibet
1235 1644 1318 1692 autem
1330 1643 1420 1701 hostie,
1430 1642 1482 1692 sire
1491 1646 1604 1705 apertus,
1615 1642 1667 1692 sive
1676 1641 1840 1700 clandestinus,

1123 1731 1148 1780 in
1159 1731 1281 1793 puluerem
1291 1733 1456 1781 uumminutus
1468 1730 1499 1780 ed
1510 1730 1583 1795 pedm
1594 1733 1649 1780 tuus
1661 1733 1817 1793 prosternatur
1829 1749 1835 1777 e

1124 1819 1159 1867 sie
1167 1821 1231 1868 Deus
1239 1819 1432 1881 augustissimam
1442 1822 1510 1870 tuem
1523 1819 1674 1881 majestatem
1686 1820 1788 1868 lortunet

1125 1912 1148 1955 et
1160 1919 1218 1955 uera
1231 1907 1273 1955 Dei
1286 1908 1405 1969 genitrix,

1124 1995 1149 2042 in
1158 2007 1205 2056 quia
1216 1994 1289 2043 animi
1300 1995 1338 2044 tui
1347 2009 1401 2058 sper
1410 1995 1475 2058 figis,

1124 2097 1140 2131 ο
1154 2086 1288 2146 Imperetur
1301 2086 1422 2146 maxime,
1439 2083 1539 2134 humani
1551 2084 1644 2146 generis
1656 2084 1707 2132 lea.
