4026 6072
780 501 995 562 PRAEFATIO.
1604 499 1676 555 xxix

138 637 287 689 tntlctnelb
297 637 416 686 editione:
620 641 647 685 tn
659 635 836 700 haccdiiioue:
946 639 972 680 tn
984 631 1095 682 Meinelii
1107 630 1226 678 editione:
1430 623 1646 675 tnbaceditionc:

447 725 526 780 Vlll.
978 741 1019 777 ro.
1041 721 1108 798 χαλᾷ
1128 758 1498 776 .............
1519 711 1598 792 χολά,
1615 711 1657 792 (7)

188 806 214 866 5.
236 804 249 830 “
262 801 352 882 ἄροιτο
373 843 648 860 ..........
664 799 848 880 συνάροιτο(ι)
979 817 1020 874 rt..
1044 808 1078 870 εἰς
1093 801 1182 863 Ἀΐδεω
1204 844 1512 862 ...........
1536 797 1625 859 ’Adios

462 893 515 948 IX·
978 896 1021 953 16.
1044 896 1078 957 ὡς
1101 930 1503 950 ..............
1525 885 1586 944 ὅσον
1598 887 1638 965 (8)

118 993 121 1000 ’
188 992 212 1030 ¹·
235 965 405 1050 Ἀνοαενιία
425 1011 641 1028 ········
664 965 843 1048 Ἀφοαενείαο
977 1002 1021 1054 19.
1044 984 1081 1037 su
1102 1019 1528 1038 ...............
1552 973 1592 1032 αι

468 1059 507 1115 X.
976 1087 1021 1124 aa.
1044 1065 1072 1123 δέ
1086 1071 1109 1124 οἱ
1125 1069 1196 1145 αὐτῷ
1219 1110 1225 1123 .
1249 1108 1256 1122 .
1284 1107 1291 1120 .
1316 1109 1323 1123 .
1347 1109 1353 1120 .
1377 1108 1384 1122 .
1408 1109 1413 1121 .
1437 1110 1443 1121 .
1466 1064 1489 1119 δ’
1506 1064 1617 1139 ἐνιαυτῷ
1634 1061 1677 1139 (9)

188 1157 212 1196 1.
233 1134 282 1207 ἡδί
304 1177 700 1194 ··············
721 1133 753 1205 ἦέ
769 1136 809 1213 (²)
974 1163 1019 1222 ab.
1043 1153 1122 1218 δάοας
1144 1195 1452 1213 ...........
1478 1150 1599 1226 δαμάσας
1616 1147 1677 1228 (10)

186 1224 212 1282 3.
234 1221 261 1281 τί
271 1225 373 1281 νυ-τί
385 1245 425 1281 νιν
438 1219 517 1280 αὖτά.
528 1263 537 1283 .
550 1221 589 1280 ,τί
601 1220 669 1280 τίν-
679 1215 731 1280 τεῒν
746 1223 813 1301 αὐτᾷ
826 1223 866 1298 (3)
973 1265 1019 1315 ²7·
1042 1243 1227 1323 mmmm
1249 1285 1376 1302 ,,,,,
1399 1239 1537 1322 φάρμακόν
1553 1241 1605 1296 ἕνῃ
1617 1243 1642 1317 (1
1651 1235 1677 1316 ι)

459 1314 514 1368 Xl·
975 1334 1021 1390 28,
1042 1331 1107 1390 λάὸε
1129 1372 1525 1393 ..............
1546 1325 1611 1385 λαὸἐ

185 1411 210 1450 ².
233 1388 366 1466 ἐπεμαίετο
376 1431 651 1448 ..........
674 1387 815 1465 ἐμεμαίετο
826 1386 867 1464 (4)

184 1481 211 1535 3.
232 1477 365 1560 ἀμὸροσίῃ
387 1521 516 1538 .....
539 1517 546 1562 3
570 1522 577 1536 .
599 1473 732 1556 ἀμὸροσίρ
744 1495 779 1534 ex
792 1475 866 1550 conj.
1275 1462 1312 1516 lI.

452 1570 520 1624 XH'
680 1645 686 1662 ‚
713 1641 720 1662 Ι
850 1640 855 1652 ,
973 1582 1017 1638 30.
1040 1579 1172 1638 {vcitana
1194 1621 1468 1636 ..........
1489 1575 1637 1634 {unimam

186 1667 210 1706 ι.
232 1643 298 1724 ‘Yam
321 1685 659 1706 ············
675 1665 726 1722 εγω
742 1661 778 1699 ex
792 1661 866 1717 conj·
973 1669 1018 1725 31·
1040 1666 1205 1747 φαλδρῦνθλτο
1228 1706 1478 1725 ,,,,,,,,,
1494 1661 1676 1744 φαιδρῦνοῑντο

330 1812 337 1832 ,
451 1737 516 1790 XV·
601 1811 609 1832 ,
674 1810 680 1830 ,
849 1809 854 1820 ,
972 1757 1018 1812 32.
1040 1754 1124 1832 λείρια
1136 1755 1225 1833 κε’ρσοι
1247 1796 1404 1815 ......
1426 1747 1675 1830 λείρι’ἀμι’ρσοι(ι)

187 1835 210 1872 1.
232 1811 287 1872 olla
302 1814 385 1878 ίοιοας
407 1849 566 1871 ......
582 1832 729 1875 αιεναοισας
740 1831 776 1866 ex
790 1830 865 1885 σου).
972 1852 1018 1915 ¹¹7·
1041 1846 1124 1912 κυανῆ
1140 1882 1420 1900 ··········
1431 1839 1528 1910 κυανέη
1545 1859 1582 1896 ex
1596 1837 1674 1912 conj·

233 1983 247 2010 .
435 1904 525 1999 ,ΧΠ
672 1986 682 1997 .
789 1977 797 1999 .
972 1932 1018 1988 60.
1039 1929 1135 2009 ταρσὸν
1151 1927 1361 1994 ἀναπλώσας-.
1371 1973 1377 1986 .
1388 1927 1484 2008 ,rapula
1500 1927 1523 1985 δ’
1538 1927 1677 1984 dicul.-

182 2002 211 2044 α.
258 1980 445 2059 τιμὰ-ποια
467 2022 592 2037 .....
613 2000 798 2054 uocet-rura
812 1977 845 2057 (ὅ)
1208 2022 1270 2088 νηῦς
1557 2019 1627 2088 νηῦς,
1641 2013 1677 2093 χ(

972 2107 1019 2164 63.
1041 2105 1161 2176 ὶςήλυθον
1172 2105 1354 2182 ἀνθεμόεντας,
1368 2149 1374 2162 .
1388 2107 1443 2163 ,ἐπ’
1458 2107 1512 2162 ἀνθ.
1529 2103 1618 2162 ἵκανον
1635 2105 1677 2180 (3)

382 2183 582 2248 MOSCHUS·
972 2195 1019 2266 67.
1039 2195 1178 2280 θμλὲθεσκε
1195 2235 1474 2253 ..........
1491 2191 1619 2250 ulmeam
1634 2187 1676 2268 (4)

474 2298 499 2352 l.
972 2303 1019 2357 79·
1042 2281 1144 2358 γίγνετο
1166 2324 1506 2342 ............
1528 2279 1622 2355 γίνετο.

185 2391 210 2442 7.
233 2371 304 2450 αὐτῷ
324 2413 689 2432 .............
702 2371 773 2427 αὐτῶ
786 2370 827 2447 (6)
973 2370 1020 2426 8ο.
1041 2369 1154 2447 ποίμνῃς
1175 2413 1456 2430 ..........
1479 2367 1601 2443 ποίμναις
1615 2366 1657 2445 (ὅ)

429 2107 538 2124 -ᾀι

107 2573 152 2626 stu.
164 2584 200 2634 sq.
210 2597 243 2606 -
254 2569 371 2633 Ber-glius
381 2569 479 2634 conjicit
490 2584 513 2618 v.
525 2578 540 2626 4
557 2569 581 2618 τί
592 2585 634 2632 μοι
645 2569 722 2628 πλῆυν
743 2569 804 2620 πολὺ
825 2585 868 2632 po·
913 2569 1057 2634 pronomina
1070 2568 1143 2625 τόσος
1160 2577 1184 2616 et
1196 2569 1262 2624 ὅσος.
1273 2596 1305 2604 -
1316 2571 1350 2620 V.
1367 2584 1398 2632 ¹9
1414 2567 1452 2617 ἀεί
1465 2566 1533 2617 codd.
1546 2570 1570 2616 S.
1585 2569 1612 2620 Υ.
1628 2569 1678 2618 cte

104 2647 177 2710 χθῆνς
191 2653 216 2693 ct
229 2661 250 2694 ν.
265 2662 292 2692 ει
306 2645 419 2708 ναμάτω.
911 2661 957 2696 sar.
973 2643 1080 2693 Vindob.

137 2722 174 2782 (ι)
193 2719 231 2768 sto
244 2717 329 2784 scripsi
342 2718 527 2783 exconjectura.
541 2721 602 2766 Nam
616 2742 628 2763 ι
637 2719 722 2785 saepius
736 2718 782 2767 hoc
797 2717 866 2767 modo
945 2721 980 2784 (9)
997 2719 1074 2770 Codd.
1086 2717 1107 2767 δ’
1119 2718 1153 2767 ἑνὶ
1167 2720 1248 2782 αὐτῷ,
1261 2719 1324 2768 unde
1332 2719 1489 2784 probabiliter
1498 2719 1560 2768 eruit
1574 2720 1678 2782 ἐνιαυτῷ

104 2794 269 2844 ariteccdenso
278 2793 470 2860 praepositionem
483 2793 528 2843 σὺν
538 2793 665 2859 absorpsit.
676 2816 688 2838 ν
701 2791 866 2861 Wyttenbuclr.
886 2853 892 2866 ἡ
911 2793 1038 2858 Briggsius.
1053 2809 1125 2857 quern
1141 2794 1194 2842 uide
1209 2794 1235 2842 in
1245 2794 1369 2844 Addcndis
1381 2813 1406 2861 p.
1421 2797 1479 2851 418.
1574 2801 1579 2808 “

105 2887 130 2919 rn
140 2873 183 2936 Ep.
196 2869 251 2919 crit.
266 2885 291 2934 p.
308 2871 356 2917 ado
372 2868 411 2918 ed.
425 2869 488 2934 Lips.
500 2895 533 2904 -
542 2871 574 2918 V.
589 2887 611 2928 7.
631 2873 668 2917 De
686 2869 783 2918 notione
800 2868 867 2917 verbi
944 2871 996 2932 (ro)
1006 2869 1120 2933 Quinque
1132 2871 1203 2920 codd.
1212 2869 1297 2918 Parias.
1311 2870 1420 2920 Meinelt.
1433 2869 1458 2918 in
1473 2868 1553 2934 priore
1562 2869 1677 2920 editione.

105 2944 196 3008 ἄμυνεν
211 2943 260 2994 vid.
273 2943 379 2994 Pierson.
393 2943 419 2992 in
430 2947 501 2993 Moer.
514 2961 540 3010 p.
555 2954 585 3004 74
605 2945 644 2994 ed.
658 2943 757 3007 Koch„
778 2959 868 3010 quam·
945 2945 998 3007 (rs)
1017 2943 1092 2992 tidem
1107 2945 1177 2994 codd.
1193 2944 1266 2995 Paris.
1281 2947 1368 2996 Gerar.
1383 2945 1421 2995 ed.
1435 2947 1499 2994 Crat.
1509 2941 1677 3010 Brub.Stepb.

105 3035 176 3083 quarn
187 3017 285 3068 notione
301 3015 431 3066 υίσὶεσευάἰ
442 3017 500 3066 alias
512 3016 616 3066 medium
630 3028 653 3066 ct
669 3019 714 3067 alia
729 3018 794 3068 verbi
807 3027 867 3066 stru-
911 3018 1050 3076 Dorvillius¹
1067 3018 1210 3067 Fritzsclrius
1221 3037 1247 3085 p.
1262 3021 1294 3067 62
1308 3019 1363 3071 coll.
1378 3021 1481 3070 Theocr.
1496 3022 1554 3068 xv.
1572 3019 1630 3073 148.

105 3103 171 3144 ctura
185 3093 315 3142 inuenitur.
327 3091 462 3142 &ductito
475 3092 571 3140 videtur
589 3108 645 3141 usus
659 3107 708 3142 esse
722 3092 781 3152 llio,
803 3090 868 3159 quod
944 3093 1033 3155 (1)Ex
1049 3092 1146 3158 optimis
1163 3092 1234 3141 codd.
1255 3110 1309 3142 curn
1327 3091 1555 3158 Boissonado.lapr'
1575 3093 1680 3158 ἀμέρσαι

106 3168 165 3218 ultio
175 3183 225 3217 uon
236 3175 284 3216 tam
296 3167 321 3215 in
332 3165 432 3231 gratiam
446 3165 522 3233 ipsius
539 3166 623 3216 ultoris
635 3167 653 3214 i.
668 3183 690 3217 e.
706 3165 868 3224 Achillis,sed
912 3168 998 3217 Caesar.
1014 3165 1120 3215 Viudob.
1144 3171 1181 3215 De
1201 3165 1268 3215 serbi
1287 3176 1403 3232 potestate
1423 3166 1454 3217 cl.
1480 3169 1552 3216 Leon.
1575 3169 1632 3216 '1¹ar.
1654 3165 1679 3213 in

107 3243 244 3307 ingratiam
261 3243 411 3297 θνάσκοντος
427 3241 446 3291 i.
461 3257 483 3292 a.
504 3240 608 3290 Patrocli
620 3241 680 3291 facta
695 3249 739 3290 cst.
762 3245 791 3290 lu
812 3240 868 3292 cod.
912 3240 1167 3300 Aorh.1>at.t11.657
1182 3241 1242 3302 (sire
1255 3240 1680 3307 inMeinoltiiDclect.p.49):elcpa

106 3317 215 3369 vindob.
228 3315 297 3367 sub.
312 3316 379 3366 deest
387 3315 435 3365 hoc
445 3331 540 3364 tarmen
553 3314 624 3364 sicuti
634 3319 670 3366 X.
912 3315 939 3365 dl
951 3317 1042 3381 πρώτῳ
1055 3317 1182 3379 λειμώνιον
1204 3316 1276 3372 ἄνθος
1293 3317 1430 3382 ἀμέρσαι
1446 3317 1552 3382 χοιρίνης
1569 3317 1680 3380 στερέτυ

139 3393 175 3457 (α)
193 3391 291 3442 codices
308 3397 340 3440 A.
361 3393 390 3441 B.
404 3391 467 3456 apud
481 3391 604 3439 Stobssurn
623 3389 700 3439 Gaisl.
723 3389 814 3439 habent
826 3389 869 3449 ἠέ,
913 3391 1006 3454 τύμὸον
1020 3391 1079 3455 ἐμὸν
1091 3391 1214 3454 στεφάνῳ.
1229 3391 1364 3440 Procedens
1377 3391 1492 3456 pluralis,
1506 3389 1547 3455 qui
1561 3389 1679 3440 bonorum

106 3468 171 3534 quod
184 3468 233 3532 jam
246 3465 320 3516 voluit
332 3469 357 3517 J.
372 3467 405 3515 ll.
418 3468 487 3515 Voss.
913 3464 1021 3515 codicum
1032 3466 1114 3530 (etiarn
1125 3469 1211 3516 Cacsar.
1224 3464 1344 3530 vindob.)
1358 3465 1498 3514 auctoritate
1508 3466 1680 3531 firnrntur‚janr

139 3543 176 3609 (³)
194 3541 293 3593 (lodices
301 3539 390 3590 scotici
399 3539 457 3589 daut
469 3540 580 3600 τίναυτα,
595 3537 787 3605 ἰυερυοερρατεε
797 3540 870 3587 latera
915 3540 1003 3606 placuit
1017 3541 1176 3590 Valcletiario
1190 3549 1213 3588 ct
1228 3540 1325 3589 delendi
1336 3555 1405 3607 posse
1418 3540 1478 3589 milri
1492 3540 1592 3599 uidetur,
1605 3558 1680 3607 quum

106 3619 142 3668 τλν
156 3617 221 3668 αὐτά
231 3615 281 3666 sira
292 3615 329 3664 τλν
342 3613 413 3682 αὐτᾷ,
425 3614 502 3680 quue
514 3613 540 3662 in
553 3603 604 3662 τεῒν
620 3613 686 3680 αὐτᾷ
701 3621 818 3663 mutatum
831 3630 869 3662 re.-
914 3617 939 3664 iu
955 3615 1027 3664 verbo
1040 3616 1144 3681 ἀμέρσαι
1156 3617 1220 3666 aliud
1232 3626 1327 3680 tempus
1338 3625 1450 3681 sequntur
1463 3615 1536 3681 idque
1549 3631 1593 3682 pec
1609 3617 1681 3682 parti·

105 3693 167 3761 cepi,
181 3709 230 3758 quo
242 3691 304 3742 iacto
315 3707 346 3740 νυ
358 3689 452 3740 camsi
466 3690 491 3738 in
503 3687 725 3738 rubeimontis
735 3687 868 3738 ctuosrh.
914 3691 991 3739 c'ulanr
1006 3691 1088 3748 ὁπότε,
1103 3707 1180 3756 neque
1193 3693 1271 3740 denuo
1284 3692 1334 3751 bro,
1343 3690 1505 3740 introductum
1515 3690 1555 3742 sit.
1565 3695 1679 3752 -V.47

105 3776 126 3820 1.
141 3786 183 3821 σε.
197 3767 280 3834 ibique
291 3767 402 3818 Bdieean.
914 3767 992 3825 νυανή
1006 3770 1062 3814 (λου.
1080 3766 1188 3818 vindob.
1210 3766 1279 3816 sicuti
1299 3764 1412 3816 Scliaefcr.
1425 3769 1497 3814 -V.
1518 3767 1547 3826 57
1565 3765 1636 3815 codd.
1650 3769 1679 3817 C.

137 3847 172 3910 (4)
189 3843 327 3896 bleinckius
346 3841 436 3909 ipsein
448 3842 516 3892 ΑοαΙ.
530 3841 602 3891 Alex.
623 3858 646 3907 p.
668 3841 713 3896 134
732 3857 797 3890 suern
814 3857 869 3889 seu·
916 3847 944 3891 lt.
959 3844 1043 3890 Cacsar.
1058 3850 1081 3889 ct
1095 3841 1149 3889 cdd.
1164 3841 1220 3891 Ald.
1243 3843 1305 3890 Crat.
1325 3839 1402 3891 lirub.
1417 3840 1598 3903 κεκλασμένας,
1616 3841 1682 3906 quod

106 3922 204 3971 tentiam
216 3915 361 3969 retracmit.
914 3933 964 3965 esse
978 3913 1071 3963 videtur
1085 3916 1262 3978 πεπλασμένος.
1274 3915 1311 3965 Cl.
1326 3915 1431 3965 Theocr.
1446 3919 1502 3964 vlt.
1522 3924 1563 3973 44.

137 3997 174 4060 (5)
191 3997 225 4044 Ut
237 4004 339 4042 metrum
353 4000 417 4042 certe
437 3991 527 4040 saluum
545 3999 622 4048 esset,
639 4007 692 4040 curn
710 3993 827 4040 Mansone
847 3999 870 4039 et
948 3995 983 4056 (υ)
1001 3993 1082 4057 ταρσὰ
1095 3990 1115 4040 δ’
1129 3993 1274 4047 ἀναπλώσας
1287 4007 1316 4039 ex
1330 3991 1395 4057 conj.
1412 3990 1535 4042 Schaeleri.
1549 3993 1641 4042 Vocula
1653 4009 1681 4042 τε

104 4071 209 4137 Briggsio
222 4068 303 4136 recepi
315 4067 468 4118 Valckenarii
482 4067 659 4132 conjecturam
672 4069 781 4132 Guyetus
791 4065 868 4134 suspi·
915 4077 966 4133 post
982 4066 1036 4122 ὡςεὶ
1047 4067 1133 4131 copula
1153 4083 1202 4115 esse
1216 4082 1264 4114 uon
1287 4075 1378 4130 potest,
1395 4081 1468 4130 quum
1482 4081 1531 4114 uon
1551 4076 1680 4131 appareat,

105 4152 220 4196 natusest
233 4145 318 4208 μισθὸν
332 4143 405 4192 tau·
420 4141 480 4207 τιμά
493 4144 555 4200 κτλ,
570 4141 634 4205 quod
649 4141 760 4200 Grotius,
776 4145 871 4207 Longo-
914 4143 1033 4208 quomodo
1047 4141 1105 4189 remi
1119 4143 1185 4190 ruris
1198 4141 1297 4207 (ταρσοί
1308 4143 1339 4191 cl.
1353 4139 1434 4189 Boelrr.
1450 4139 1475 4188 in
1487 4141 1603 4190 Herodot.
1610 4145 1679 4192 VIII.

107 4231 215 4287 ρειηευε,
229 4219 321 4270 Schicr.
335 4216 443 4267 Brunck.
452 4217 571 4265 Tcuoher.
585 4215 625 4264 alii
639 4216 782 4282 probarunt,
797 4219 822 4265 J.
837 4220 869 4268 Η.
919 4236 957 4266 η.
970 4228 994 4266 et
1004 4216 1109 4282 interpp.
1123 4217 1147 4266 in
1160 4216 1270 4284 Thucyd.
1286 4221 1345 4266 Vll.
1361 4218 1403 4279 4ο)
1421 4215 1511 4281 possint
1528 4219 1682 4282 περισκέπειν

107 4302 175 4347 Voss.
188 4297 274 4359 μισθὸν
287 4295 350 4352 uu,
360 4291 468 4343 Boisson.
482 4292 548 4340 δῶκε
560 4291 642 4356 γέρας.
654 4291 830 4342 Wordswortb.
846 4290 871 4338 in
916 4295 945 4342 τὰ
958 4293 1049 4359 χείλεα.
1066 4291 1125 4340 lude
1138 4291 1299 4358 consequitur,
1315 4302 1340 4341 ut
1355 4292 1409 4348 ὡςεί
1421 4307 1448 4340 τε
1458 4301 1524 4340 arcte
1533 4291 1648 4341 cohaerent
1659 4302 1683 4341 ct

107 4371 207 4420 ’λ’ίισοοε.
217 4372 288 4420 vm.
298 4369 345 4426 βε
360 4366 467 4424 (duur,
479 4365 554 4430 μηδὲ
566 4365 598 4414 τὰ
605 4365 739 4432 πράγματα
748 4365 872 4430 κρέσσονα
917 4379 967 4432 pust
980 4366 1041 4426 νηῦς
1054 4367 1142 4431 virgula
1156 4365 1319 4416 distinctionis
1332 4365 1443 4432 poneuda
1455 4365 1494 4414 sit.
1511 4366 1548 4416 Gi.
1563 4365 1626 4415 inira
1636 4371 1680 4414 1v.

107 4445 196 4496 ποίει.
916 4445 941 4492 5.
960 4447 1017 4492 113.
1033 4451 1057 4490 et
1065 4442 1156 4490 Neuius
1168 4441 1192 4490 in
1202 4439 1278 4508 Soph.
1289 4441 1371 4506 Antig.
1386 4443 1435 4489 653
1448 4441 1505 4502 (647
1518 4441 1556 4490 ed.
1569 4442 1682 4508 Wund.).

140 4521 175 4584 (6)
192 4523 228 4569 Ita
240 4517 294 4569 cod.
307 4521 362 4568 Par.
383 4517 462 4576 ²7⁶5.
475 4513 563 4580 reliqui
583 4521 695 4578 quattuor
716 4515 793 4564 αὐτοῦ
811 4515 872 4563 sicut
949 4519 984 4582 (3)
1001 4520 1055 4567 Jarn
1070 4517 1170 4582 protulit
1186 4517 1322 4566 Meinekius
1336 4516 1445 4566 codicum
1465 4515 1560 4580 vestigia
1580 4527 1682 4569 secutus.

108 4599 194 4646 emar.
206 4589 316 4644 Vindob.
331 4600 354 4640 et
367 4589 425 4644 edd.
439 4593 505 4642 stat.
519 4589 596 4641 Brub.
609 4590 693 4657 steph.
949 4595 985 4655 (4)
1001 4593 1084 4642 Verbo
1099 4595 1228 4642 θαλέθεσνιε
1241 4593 1334 4642 obstare
1347 4589 1487 4642 adverbium
1500 4589 1570 4656 ἔραζε
1584 4592 1609 4642 in
1623 4591 1649 4644 h.
1664 4592 1682 4644 l.

141 4671 177 4734 (ρ)
193 4672 229 4717 Rs
241 4669 378 4730 conjecturs
395 4664 563 4724 Valckenarii,
584 4664 699 4730 probante
716 4665 826 4729 Berglio.
840 4693 870 4700 -
916 4667 1059 4718 adnotarunt
1073 4668 1190 4734 Pileuejus
1199 4678 1223 4718 et
1241 4669 1416 4719 Herios—V.
1431 4683 1462 4730 γρ
1476 4665 1566 4730 γίνετσ,
1580 4667 1645 4733 quod
1657 4668 1684 4717 in

108 4751 138 4794 v.
159 4753 197 4800 rt.
217 4739 410 4807 inpositionem
428 4740 463 4797 είς
478 4738 554 4789 delevi
568 4755 598 4788 cx
613 4739 685 4792 codd.
700 4743 724 4790 S.
742 4743 769 4790 Υ.
786 4745 871 4792 Casan.
916 4743 1038 4792 codicibus
1053 4747 1080 4796 Β.
1091 4746 1124 4795 N.
1141 4744 1205 4802 latet,
1215 4743 1302 4794 diserte
1315 4747 1400 4795 casu.
1413 4741 1523 4794 Vindob.

108 4824 215 4874 Pam.
229 4825 279 4875 440
289 4831 344 4866 curn
356 4814 486 4865 Fritasclnio
500 4833 523 4881 p.
535 4818 575 4872 ds.
589 4816 631 4880 qui
642 4815 815 4867 addin-voc.
831 4818 874 4867 Ἀῖ-
951 4820 987 4880 (5)
1004 4821 1091 4867 Ver-sui
1118 4822 1149 4866 82
1175 4827 1287 4868 anunente
1304 4815 1463 4868 Valckenario
1480 4817 1566 4882 spurias
1587 4818 1685 4882 originis

107 4900 154 4949 δέω
172 4891 343 4962 quadrisyllabi
364 4891 473 4956 exempla
490 4891 584 4956 collegit
601 4893 727 4942 Jacobsius
746 4894 775 4942 ad
796 4893 871 4945 Auth.
918 4902 999 4942 nutant
1021 4893 1108 4959 adjecit
1124 4896 1218 4944 Harles.
1241 4893 1376 4942 Meinelius
1395 4908 1476 4941 versus
1489 4895 1519 4939 8²
1537 4901 1561 4941 et
1573 4895 1604 4940 83
1619 4896 1685 4944 uncis

108 4977 164 5023 Vll.
177 4973 227 5026 ὅτι
241 4971 278 5037 (p.
292 4969 360 5030 574),
373 4963 405 5014 de
417 4965 584 5032 propositione
596 4967 627 5018 cl.
642 4972 830 5017 Waistetnaunus
843 4968 872 5016 ad
918 4968 1074 5019 incuriused
1083 4987 1157 5034 quum
1171 4970 1194 5016 iu
1204 4967 1308 5018 coddC.
1317 4972 1388 5026 lt.S.‚
1397 4977 1422 5016 ut
1434 4967 1571 5017 Gaislordio
1581 4969 1683 5030 videtur,

108 5049 211 5099 Theocr.
226 5044 261 5097 id.
275 5047 296 5094 1.
315 5045 358 5095 83.
368 5065 382 5084 ι
404 5039 473 5090 Adde
486 5057 541 5106 quai
560 5041 587 5090 in
601 5041 683 5091 ilionis
697 5042 731 5094 id.
745 5045 766 5091 1.
789 5045 819 5091 52
833 5043 873 5090 nd·
918 5053 941 5092 et
954 5054 1016 5092 rorte
1029 5044 1053 5092 in
1066 5047 1151 5094 Cesar.
1167 5043 1274 5092 Vindob.
1289 5051 1312 5090 ct
1325 5042 1447 5094 eddcall.
1460 5041 1605 5094 atdursio.
1619 5047 1684 5097 Crat.

108 5123 199 5189 scripsi.
919 5119 993 5168 urob.
1013 5118 1090 5168 desint
1109 5135 1188 5166 versus
1201 5119 1229 5163 81
1245 5126 1268 5164 et
1285 5121 1324 5176 8ο,
1346 5119 1419 5183 possis
1440 5117 1511 5166 etiam
1526 5117 1563 5166 his
1578 5120 1687 5170 versibus

141 5202 177 5264 (8)
192 5199 251 5249 ὅσον
265 5195 373 5263 quinque
385 5193 455 5244 codd.
472 5197 538 5243 Parr.
554 5191 608 5242 edd.
633 5195 697 5244 Crat.
708 5193 783 5244 Brub.
792 5193 874 5260 Stepb.
919 5194 999 5258 ejectis
1010 5191 1125 5260 suspirari
1141 5200 1235 5257 poetam
1250 5191 1383 5258 scripsisse:
1394 5193 1441 5260 οὐχ
1450 5185 1503 5247 alac
1512 5194 1631 5257 σταθμοῖς
1641 5196 1687 5245 ἐνι-

111 5276 217 5326 liuisson.
227 5273 260 5322 lli
273 5280 348 5338 poetae
360 5276 471 5336 querunt
480 5283 591 5317 numeros
601 5269 754 5320 volubiliores
762 5279 786 5318 et
794 5276 875 5317 amant
920 5270 1043 5334 φέρὸεταν,
1060 5265 1117 5317 οὐδὲ
1134 5265 1177 5330 μὲν
1195 5258 1247 5322 οίας
1260 5265 1361 5333 αὐχέν’
1375 5266 1522 5332 θποθμηθελς
1535 5267 1601 5332 ἐρύει
1610 5269 1682 5319 πολύ·
