3992 6078
278 418 315 471 74
965 405 1183 468 PRAEFATIO.

275 541 498 620 Erasistratique
506 541 627 620 aequalis
639 539 722 630 (qai.
735 541 847 599 Comm.
857 538 934 598 Vlin
945 539 1056 618 Aphor.
1104 538 1260 616 descripsit
1277 557 1463 616 quorumque
1482 550 1642 616 separatam
1663 537 1818 595 editionem
1838 537 1879 594 in-

275 637 309 694 'R
323 637 358 708 V,
377 658 408 716 p.
429 639 483 694 301
498 636 519 716 ).
532 636 644 695 Nomen
662 650 739 695 certe
752 634 889 693 Antiochi
907 633 1058 691 Philome·
1105 637 1236 710 choavit,
1252 636 1302 694 sed
1318 657 1378 694 non
1398 637 1525 695 absolvit
1539 635 1615 695 doct.
1636 635 1741 692 llarles
1760 635 1879 712 (bonne

276 733 349 791 toris
362 733 432 792 satis
446 733 557 791 indicat
575 732 632 791 hoc
652 732 892 791 medicamentum
906 729 994 787 initio
1012 749 1058 786 se·
1109 733 1194 790 1833.
1211 731 1251 802 po
1263 731 1284 810 ).
1300 730 1366 789 Fuit
1386 746 1480 790 autem
1494 732 1577 789 hicce
1595 731 1777 789 Damocratis
1796 730 1879 788 Plinii

276 828 364 886 cundi
385 841 450 887 ante
470 841 600 887 nostram
619 846 707 886 aeram
726 826 816 886 seculi
830 845 890 882 non
909 825 998 882 luisse
1014 843 1059 881 re·
1106 826 1226 904 majoris
1240 827 1361 904 aequalis
1377 827 1468 907 (Hist.
1482 825 1546 886 Nat.
1561 823 1669 902 XXIV,
1685 823 1735 905 7).

277 924 405 996 centius;
433 937 476 983 est
502 944 593 1002 porro
618 924 717 983 eadem
747 923 874 981 theriaca
898 940 964 998 quae
989 932 1059 978 teste
1145 922 1467 982 Medicinaliacarmina
1476 924 1574 981 omnia
1583 943 1650 1000 quae
1660 922 1697 980 ad
1708 921 1786 980 hunc
1797 943 1880 999 nsque

276 1021 375 1080 Plinio
388 1020 469 1099 (XX,
490 1029 527 1089 at
540 1020 549 1102 l
564 1021 662 1101 lapide
679 1021 773 1079 incisa
795 1031 856 1077 erat
876 1016 1008 1075 versibus
1027 1017 1059 1074 in
1106 1017 1201 1076 locum
1217 1019 1402 1092 enumeravi,
1415 1019 1543 1096 exceptis
1552 1016 1768 1094 jurejurando,
1783 1019 1881 1093 Aglaie

277 1116 379 1175 limine
392 1117 462 1175 aedis
474 1117 641 1196 AEsculapii.
996 1105 997 1108 ¹
1107 1116 1316 1174 medicamento
1325 1115 1516 1174 ethinesithei
1528 1114 1652 1185 iambis,
1664 1115 1815 1194 desumpta
1824 1130 1882 1173 sunt

317 1211 388 1270 Post
404 1211 575 1271 Theriacam
593 1211 714 1270 Eudemi
730 1210 916 1269 exhibuimus
932 1207 1060 1265 Theria-
1106 1209 1236 1268 eGaleni
1247 1207 1401 1290 operibus,
1414 1212 1520 1289 partim
1531 1209 1642 1268 eLibb.
1653 1210 1698 1268 De
1707 1210 1782 1271 med.
1793 1231 1881 1288 comp.

278 1327 340 1366 cam
353 1305 549 1365 Andromachi
564 1307 692 1366 senioris
703 1305 940 1374 celeberrimam,
953 1300 1062 1360 Neroni
1107 1326 1164 1366 sec,
1175 1308 1246 1380 loc„
1258 1309 1364 1387 partim
1375 1327 1391 1366 e
1401 1307 1487 1368 Libb.
1496 1307 1539 1366 De
1548 1308 1732 1387 medgomp,
1742 1329 1798 1368 sec,
1811 1331 1881 1385 gen„

278 1405 447 1483 imperatori
467 1405 647 1476 dedicatam,
669 1403 705 1462 de
721 1404 805 1481 cujus
824 1414 905 1459 aetate
919 1399 1011 1474 igitur
1030 1411 1062 1456 ut
1108 1403 1213 1480 partim
1228 1403 1355 1481 denique
1368 1423 1384 1462 e
1398 1402 1537 1461 Tractatu
1547 1402 1585 1461 de
1596 1404 1697 1487 Antid.
1709 1403 1814 1482 ltaque
1826 1426 1882 1462 cnm

278 1500 472 1578 disceptemus
486 1519 545 1557 non
559 1513 603 1558 est
613 1519 698 1577 opus.
1108 1518 1208 1556 omncs
1219 1497 1354 1557 ferelibri
1363 1496 1495 1557 Galenici
1506 1499 1537 1557 in
1546 1498 1728 1576 huncusqne
1737 1499 1812 1557 diem
1820 1501 1882 1560 editi

318 1595 460 1656 Ultimum
480 1583 556 1654 in'ter
577 1596 707 1653 carmina
722 1594 850 1669 elegiaca
869 1593 966 1649 locum
987 1599 1064 1646 tenet
1109 1593 1215 1651 acriter
1223 1613 1339 1652 manum
1348 1591 1556 1652 emaculantem
1565 1607 1730 1672 expectant,
1742 1616 1827 1672 quam
1835 1599 1885 1675 pri·

280 1691 519 1750 medicamentum
532 1691 641 1766 Aglaiae
655 1689 794 1748 adversus
804 1687 981 1746 suffusiones
990 1683 1063 1741 inci·
1109 1708 1189 1746 mum
1197 1688 1270 1746 mihi
1280 1688 1484 1747 demandatum
1495 1689 1550 1747 fuit
1559 1708 1667 1749 munus
1677 1689 1783 1748 horum
1795 1695 1885 1749 carmi-

278 1791 401 1866 pientes.
419 1788 514 1866 liujus
539 1787 678 1866 carminis
693 1786 818 1865 primam
832 1784 966 1842 notitiam
980 1781 1064 1838 debe-
1109 1804 1179 1842 num
1194 1784 1393 1862 edendorum,
1407 1786 1509 1844 sedulo
1522 1805 1642 1864 operam
1656 1787 1742 1858 dedi,
1758 1801 1791 1845 ut
1802 1789 1883 1845 Codd.

279 1906 343 1946 urus
357 1887 422 1944 viro
435 1887 472 1946 cl.
492 1884 650 1960 Villoison,
665 1883 717 1960 qui
731 1896 797 1940 octo
819 1882 934 1960 priores
960 1896 1064 1936 versus
1110 1885 1302 1953 nanciscerer,
1311 1901 1437 1959 quorum
1448 1903 1504 1961 ope
1512 1884 1676 1942 carminum
1684 1897 1795 1943 textum
1803 1906 1886 1943 emen·

278 1981 395 2041 edidite
408 1980 481 2039 Cod.
497 1978 626 2057 Veneto(
640 1977 748 2037 hnecd.
760 1996 805 2052 gr.
817 1975 853 2032 T.
868 1974 908 2045 ll,
921 1995 953 2052 p.
970 1972 1061 2047 179);
1110 1980 1180 2037 dare
1186 1980 1440 2058 possem.Huncin
1446 1981 1533 2039 finem
1541 1982 1656 2039 excussi
1662 1983 1796 2060 quinque
1802 1983 1884 2042 Codd.

281 2077 387 2136 deinde
395 2089 461 2136 ante
472 2077 560 2134 hosce
568 2086 706 2153 quattuor
714 2092 806 2135 annos
817 2072 865 2129 vir
877 2070 955 2129 doct.
967 2068 1063 2128 Sichel
1110 2073 1261 2133 Parisinos
1276 2076 1386 2152 (2155,
1401 2075 1491 2147 2156,
1508 2077 1598 2152 2158,
1614 2079 1706 2149 2164,
1721 2081 1800 2150 2173
1811 2081 1831 2153 l,
1844 2081 1886 2155 qui

279 2173 393 2251 primus
414 2174 559 2246 integrum
587 2189 703 2270 campen
732 2169 763 2227 in
790 2168 883 2224 lucem
908 2165 1064 2243 protulite
1111 2189 1185 2247 opus
1199 2170 1242 2227 De
1256 2170 1332 2229 med.
1349 2191 1406 2228 sec.
1423 2171 1482 2232 loc.
1498 2171 1599 2249 ejusve
1614 2186 1730 2250 partem
1750 2176 1887 2232 continent

279 2267 352 2326 Cod.
379 2267 516 2326 Parisino
542 2266 574 2324 in
601 2266 704 2323 Diario
730 2267 821 2320 Revne
847 2265 883 2318 dc
908 2263 1065 2334 Philologic
1111 2264 1192 2341 iique
1206 2264 1278 2323 mihi
1295 2266 1371 2323 hand
1388 2266 1628 2324 contemnendam
1644 2287 1732 2346 opem
1749 2269 1786 2326 ad
1799 2289 1887 2326 emen-

280 2365 289 2440 (
303 2363 366 2421 Vol.
380 2363 420 2436 ll,
429 2361 467 2421 N⁰
484 2384 495 2419 1
513 2363 534 2440 ).
549 2360 661 2432 Quodsi
676 2359 853 2430 Alexander,
865 2356 948 2433 cujus
963 2355 994 2413 in
1007 2375 1065 2414 me·
1111 2362 1237 2419 dandum
1250 2377 1416 2421 contexmm
1427 2365 1567 2424 tulerunt.
1580 2364 1653 2422 Cum
1665 2378 1761 2423 autem
1775 2366 1888 2424 Parisiis

279 2459 436 2518 dicamenti
450 2457 644 2535 inscriptione
657 2455 689 2512 fit
701 2455 821 2525 mentio,
836 2453 924 2510 fuerit
938 2452 1065 2509 Alexan·
1112 2455 1479 2536 deessentl1)Codd.Libb.
1488 2458 1532 2516 De
1539 2460 1644 2518 medic.
1655 2481 1752 2539 comp.
1758 2481 1886 2536 sengen,

280 2553 333 2612 der
345 2553 522 2612 Philalethes
532 2551 686 2609 Strabonis
697 2545 912 2626 aequalisllill,
928 2567 959 2624 p.
975 2547 1064 2622 869),
1113 2547 1211 2634 Romae
1224 2553 1298 2610 sorte
1312 2553 1419 2629 degens
1433 2554 1550 2632 inspexi
1567 2553 1639 2614 Cod.
1657 2554 1728 2630 ileg.
1744 2555 1889 2614 Christinae

282 2649 345 2726 ipse
371 2648 504 2724 Aglaias,
523 2647 568 2705 uti
590 2646 653 2724 jam
673 2656 828 2702 monuerat
852 2642 929 2700 doct.
952 2640 1064 2712 sichel,
1111 2642 1166 2703 hos
1182 2645 1276 2706 libros
1297 2647 1590 2725 exhibentem,unde
1611 2662 1655 2707 sat
1671 2669 1809 2725 magnum
1827 2672 1889 2728 quo·

282 2745 341 2801 lere
365 2741 562 2801 Andromachi
582 2739 734 2798 habendus
754 2751 798 2796 cst
820 2737 941 2814 aeqrialis
951 2780 960 2809 ,
980 2750 1067 2813 atque
1112 2761 1169 2814 que
1185 2743 1412 2801 emolumentum
1426 2744 1459 2800 in
1472 2743 1629 2802 editionem
1645 2758 1778 2803 nostram
1793 2747 1890 2804 redun-

281 2839 341 2897 haec
358 2837 570 2916 conjecturaeo
589 2837 621 2894 fit
631 2853 771 2914 perquam
791 2831 973 2904 verisimilis,
987 2831 1066 2908 quod
1113 2834 1202 2896 davit.
1217 2837 1304 2898 Libb.·
1316 2838 1477 2896 tandemdc
1491 2838 1593 2896 antid.
1605 2839 1665 2897 duo
1680 2853 1791 2899 tantum
1805 2841 1888 2898 Codd.

280 2937 343 3012 ipse
367 2933 542 3005 Alexander,
570 2929 815 3009 quemadmodum
841 2925 1067 3003 eGalenolile
1113 2930 1242 2989 Parisini
1267 2935 1412 3011 (orfimet
1429 2933 1465 2991 35
1487 2932 1639 3012 Supplem.
1662 2936 1744 3012 quod
1767 2935 1889 3012 dicitur)

281 3029 346 3087 diff.
360 3028 437 3107 puls.
455 3027 505 3102 lv,
524 3027 551 3098 5,
569 3025 606 3083 T.
627 3023 955 3102 111,ρ.46)οοηεῑειῑ,
976 3021 1067 3078 disci·
1113 3030 1187 3087 mihi
1214 3044 1321 3109 praesto
1346 3044 1429 3089 erant
1451 3031 1533 3108 iique
1547 3033 1757 3103 recentissimi,
1776 3047 1890 3091 attamen

282 3127 384 3206 pulum
416 3125 520 3184 habuit
549 3122 784 3182 Demosthenem.
815 3118 919 3178 Nescio
958 3131 1067 3190 tamen,
1113 3124 1197 3183 ethis
1207 3125 1306 3202 adjuto
1318 3126 1470 3198 nonnulla,
1480 3126 1595 3184 etiamsi
1605 3129 1891 3204 pauciora,enostris

282 3222 472 3302 quamobrem
494 3223 571 3282 doct.
598 3219 693 3278 Sichel
710 3219 927 3294 ⁸conlectionem
956 3230 1066 3274 tantum
1114 3223 1295 3281 carminibus
1320 3223 1425 3281 menda
1450 3225 1558 3300 ejicere
1581 3224 1655 3282 mihi
1681 3225 1775 3284 licuit,
1806 3226 1891 3294 Quum

199 3329 202 3336 ’
283 3320 483 3379 medicaminis
496 3318 633 3377 tribuerit
642 3317 701 3396 ipsi
711 3317 833 3392 Aglaiae,
847 3314 986 3373 carminis
995 3303 1068 3372 iero
1114 3332 1208 3376 autem
1219 3319 1306 3395 hujus
1316 3320 1537 3379 editionis'ratio
1544 3333 1634 3393 vetat,
1648 3323 1808 3398 quominus
1815 3323 1892 3379 varia

283 3429 428 3476 auctorem
444 3415 580 3474 habuerit
599 3417 819 3491 grammaticum
840 3412 993 3489 quemdam
1011 3411 1068 3489 lly-
1115 3415 1253 3474 lectiones
1263 3417 1413 3475 contextui
1424 3416 1631 3494 subjiciantur,
1643 3416 1814 3496 ubicunqne
1823 3437 1893 3476 mera

283 3512 449 3585 tantinum,
482 3509 569 3569 nobis
590 3509 672 3568 nulla
692 3527 779 3566 causa
799 3520 912 3565 exstare
938 3506 1066 3580 videtur,
1116 3512 1286 3589 conjectura
1311 3526 1477 3572 contextum
1499 3513 1654 3572 emendare
1675 3529 1798 3573 conatus
1820 3535 1891 3582 sum,

283 3626 374 3685 quare
392 3627 457 3664 cum
470 3605 672 3663 medicaminis
697 3617 758 3660 ium
772 3602 912 3659 carminis
926 3601 1068 3676 originem
1115 3611 1141 3667 si
1157 3610 1257 3686 aliquo
1277 3609 1364 3668 modo
1384 3611 1448 3667 fieri
1467 3624 1578 3688 posset,
1592 3610 1685 3676 vedu
1710 3611 1809 3668 addita
1822 3610 1893 3667 uncis

285 3702 403 3761 aliunde
416 3701 594 3759 deducamus
606 3717 692 3775 quam
704 3696 741 3754 ab
754 3697 855 3772 Aglaia
870 3707 983 3754 nostro.
995 3695 1070 3754 Huic
1115 3705 1233 3777 inclusi,
1251 3707 1295 3762 vel
1307 3705 1457 3762 emendata
1471 3707 1556 3780 signo
1567 3707 1599 3782 li)
1615 3705 1762 3776 indicavi,
1776 3727 1835 3782 quo
1847 3724 1894 3762 mc·

252 3822 255 3828 ·
284 3819 402 3878 quoque
429 3797 553 3856 carmini
581 3794 784 3872 subjungenda
812 3812 874 3851 esse
903 3793 1070 3850 censuimus
1116 3795 1892 3878 liusdistinguerenturalocis,quibusvelCodd.,rel

284 3894 403 3954 Scholia
421 3913 457 3951 ex
478 3891 580 3950 eodem
600 3889 707 3948 Codice
727 3889 916 3967 deprompta,
938 3889 1008 3964 quia
1023 3886 1070 3945 llis
1116 3897 1222 3975 passim
1238 3901 1336 3969 etiam,
1353 3897 1421 3954 licet
1442 3916 1520 3966 raro,
1536 3898 1724 3974 antiquarum
1742 3897 1892 3956 editionum

285 3993 396 4051 carenti
416 4004 493 4052 certe
509 3989 660 4047 intellectu
679 4008 739 4045 uon
753 3986 868 4044 facilius
885 3985 1070 4043 inveniretur
1118 3991 1205 4068 (hid.
1221 3993 1329 4049 erbas.
1347 3993 1355 4068 )
1380 4012 1437 4070 opc
1451 3993 1609 4070 pristinum
1629 3993 1755 4050 nitorem
1775 3994 1894 4050 restitue·

285 4108 372 4166 quam
387 4086 569 4145 Philonium.
1118 4106 1188 4144 ram.
1205 4085 1244 4144 Ut
1263 4108 1355 4165 porro
1374 4087 1476 4145 Latine
1499 4085 1667 4144 exhiberem
1683 4087 1745 4145 haec
1757 4087 1892 4154 carmina,

325 4185 462 4244 Carmina
482 4184 610 4259 elegiaca
630 4199 734 4240 rmsus
753 4180 904 4258 excipiunt
922 4179 1014 4238 iambi
1035 4180 1071 4238 de
1118 4181 1154 4239 iis
1172 4202 1268 4259 quaec
1286 4180 1374 4240 Libb.
1390 4181 1433 4254 De
1447 4181 1523 4240 med.
1546 4201 1643 4259 comp.
1660 4201 1717 4239 sec.
1736 4183 1793 4240 loc.
1816 4181 1894 4260 petita

285 4282 357 4340 vino
376 4293 493 4338 auctore
511 4276 673 4337 Mnesitheo
696 4275 866 4334 Athernensi
887 4275 965 4354 apud
984 4275 1071 4333 Athe·
1118 4290 1201 4334 erant
1213 4275 1312 4335 addidi
1324 4277 1592 4354 interpretationem
1605 4275 1674 4335 iani
1687 4279 1834 4349 Cornarii,
1845 4295 1895 4334 car

287 4395 381 4436 natum
390 4364 625 4451 tegendi'quibus
634 4371 736 4430 addidi
746 4371 989 4446 elegantissimam
997 4371 1073 4429 .Gro-
1119 4370 1251 4430 minibus
1269 4390 1341 4428 vero
1357 4390 1374 4428 e
1395 4369 1481 4429 Libb.
1502 4371 1545 4428 ue
1565 4371 1640 4430 med.
1658 4392 1754 4450 comp.
1765 4390 1822 4432 sec.
1836 4391 1893 4447 gen.

287 4473 321 4530 tii
336 4470 616 4550 interpretationem.
630 4467 716 4538 Quod
737 4467 772 4525 ad
787 4467 941 4526 Mnesithei
961 4479 1071 4524 aetatem
1119 4466 1279 4544 desumptis
1286 4465 1504 4524 translationem
1517 4462 1653 4523 Guinteri
1661 4467 1893 4538 Andernacensis,

288 4570 407 4643 attinet,
425 4580 591 4626 recensetur
604 4566 705 4624 itidem
723 4565 867 4622 aGaleuo
888 4564 1021 4642 (Comm.
1042 4566 1072 4623 in
1119 4583 1192 4640 quas
1201 4563 1321 4620 nonnisi
1332 4562 1371 4620 iis
1390 4561 1421 4618 in
1436 4561 1510 4619 locis
1529 4561 1673 4636 castigare
1686 4575 1805 4620 conatus
1819 4581 1893 4630 sum,

289 4666 379 4744 llipp.
400 4677 459 4748 nat,
474 4663 554 4723 hom.
574 4662 595 4722 l.
611 4661 656 4740 l.)
674 4663 751 4720 inter
767 4660 895 4718 medicos
910 4659 1073 4739 Herophilo
1119 4658 1171 4717 ubi
1179 4655 1669 4736 velproptermutatamlectionem,
1677 4658 1725 4716 vel
1734 4673 1895 4734 quacunque

289 4762 487 4840 antiquiores,
509 4761 674 4836 citcturque
694 4770 834 4836 praeterea
855 4757 892 4814 ab
913 4758 999 4816 Alexi
1022 4779 1074 4816 co-
1120 4755 1246 4832 deniquc
1257 4753 1315 4812 alia
1327 4753 1363 4812 de
1372 4773 1469 4824 causa,
1480 4752 1583 4810 Latina
1592 4753 1704 4812 Graecis
1713 4774 1774 4812 non
1785 4771 1895 4831 respon·

289 4862 368 4920 ”¹³⁰⁰
390 4861 455 4938 (ap.
477 4858 648 4916 athenaeum
668 4855 743 4934 xp.
768 4865 825 4930 4¹9
845 4858 886 4930 ⁰l·
907 4854 942 4912 ¹¹¹
962 4854 1075 4932 reliqua
1153 4909 1188 4972 (ι)
1205 4913 1233 4958 n
1248 4909 1364 4971 mmogo
1380 4908 1478 4970 quinem
1497 4908 1590 4958 rit-run
1603 4910 1627 4957 ru
1641 4909 1719 4958 com.
1733 4915 1793 4959 ms
1806 4909 1894 4957 crarta

289 4955 444 5015 Mnesithei
460 4972 551 5032 (ΨΜ
564 4951 639 5011 nihil
658 4964 702 5010 θεῖ
715 4972 768 5009 ⁰¹³
781 4971 859 5008 '¹⁰⁰⁰
877 4950 1073 5027 inquiramus.
1122 4988 1224 5037 uveam
1241 4988 1365 5047 dicuntur,
1379 4988 1421 5036 sea
1434 4987 1504 5038 tion.
1518 4989 1601 5038 vr-x1
1611 4991 1647 5037 m
1660 4989 1740 5050 nnn.
1755 4987 1849 5044 mean,
1859 4984 1895 5046 qn

330 5053 357 5108 Α
382 5047 545 5108 M¹¹⁰⁸i²h⁰⁰
573 5048 698 5105 “fflSiVi
724 5047 759 5104 ad
786 5065 890 5104 Vffl'sus
915 5043 1073 5118 iambifflss
1122 5065 1162 5114 hic
1170 5065 1294 5114 subtitulo
1304 5067 1361 5128 Περὶ
1370 5067 1450 5114 ἁπλῶν
1460 5065 1512 5114 κατ’
1521 5066 1582 5121 εἶδος
1592 5068 1828 5126 veneunt,auctores
1836 5067 1896 5111 nati·

292 5144 401 5226 quibus
412 5143 556 5203 Servilius
567 5144 753 5200 Damocrates
766 5142 856 5200 multa
867 5140 1076 5198 medicamenta
1126 5143 1172 5204 logi
1181 5143 1206 5192 tn
1216 5156 1321 5192 errorem
1330 5141 1486 5192 induxemnt.
