4028 6042
275 283 312 333 aa
708 271 807 334 amn
827 271 963 334 aanor
983 269 1077 332 nnn
1096 269 1207 334 zoua
1225 265 1450 335 mannaan.
1739 269 1889 352 (οι-ναι

339 413 401 470 ὅταν
413 411 442 471 δέ
451 415 504 491 χὴ
515 411 636 472 θάλασσα
648 411 752 492 εἰρήνην
765 420 833 492 ἄγῃ,
1105 420 1211 481 Quando
1221 423 1303 472 autem
1316 434 1384 472 mare
1397 434 1483 484 pacem
1496 421 1558 484 agit,

285 502 330 580 (la)
345 505 447 584 θαρρῶν
460 499 553 559 ἑαυτὸν
568 489 641 567 αὖθις
656 499 747 559 ὕπτιον
763 501 881 582 στρέφει,
1104 508 1183 560 fidens
1193 523 1221 560 ae
1233 510 1321 560 iterum
1333 509 1449 574 supinum
1462 509 1549 570 vertit,

338 590 385 648 καὶ
400 591 523 671 ἀσφαλῶς
534 590 597 647 πλεῖ
609 588 750 671 πορθμίδος
764 588 828 658 τέως
842 590 926 661 δίκην.
1104 600 1130 648 et
1140 599 1194 648 tutu
1204 601 1257 648 turn
1269 598 1366 662 navigat
1377 597 1524 662 aliquamdiu
1537 597 1634 660 acaplrae
1642 597 1725 646 irascar.

337 677 439 760 Παρεὶς
449 674 499 758 γὰρ
510 676 626 737 ἐντεῦθέν
636 702 665 737 τε
677 681 796 738 κάκεῖθεν
809 677 854 736 δύο
1105 687 1241 738 Demittens
1251 689 1316 738 enim
1325 688 1384 737 hinc
1394 691 1419 737 el
1427 687 1494 738 illinc
1504 687 1566 736 duos

275 787 326 826 1995
337 770 389 824 τῶν
398 768 561 841 πλεκτανῶν,
574 766 663 849 ἠρέμα
678 791 706 826 τε
721 776 786 826 κινεῖ
801 768 832 827 τὸ
847 768 945 848 σκάφος
1105 775 1237 839 circorum,
1247 776 1375 840 tranquille
1384 781 1467 826 movet
1476 777 1590 839 scapham

340 847 393 914 οἷόν
407 856 432 934 γ’
443 854 562 936 ἐρέττων,
576 855 623 914 καλ
636 858 752 939 προωθεῖ
763 855 883 917 παντάθν.
1106 870 1222 929 unquam
1235 867 1369 930 remigans,
1379 870 1404 917 el
1413 865 1523 929 propellit
1533 865 1629 927 quovis.

339 943 408 1003 Ἀλλ’
420 946 444 1002 εἷ
457 943 536 1024 τυχὸν
547 945 577 1004 τὸ
591 948 688 1026 ῥεῖθρον
704 948 813 1022 ὑψοῦται
824 945 893 1018 λίαν,
1105 955 1152 1005 sed
1163 956 1184 1004 al
1194 955 1256 1005 torte
1265 953 1384 1006 llucnlum
1393 955 1501 1005 elevatur
1510 954 1599 1014 nimis,

275 1033 321 1113 (ta)
336 1034 398 1092 ὅταν
412 1032 438 1092 τλ
453 1039 559 1112 πνεῦμα
572 1035 615 1092 τὸν
630 1034 706 1113 βυθὸν
722 1032 862 1115 διατρέχῃ,
1106 1041 1202 1103 qnando
1212 1041 1285 1090 llatua
1294 1041 1382 1104 aliquis
1391 1039 1538 1105 profundum
1549 1041 1679 1104 percurrit,

340 1119 378 1203 ἂψ
391 1119 450 1188 τοὺς
463 1120 586 1202 ἐρετροὺς
600 1121 690 1203 ῶσπερ
705 1121 797 1187 οἴακας
809 1125 833 1179 δ’
845 1120 924 1201 ἔχων,
1106 1135 1238 1180 retrorsum
1251 1143 1331 1180 remos
1341 1135 1456 1192 tanquam
1465 1130 1627 1192 gubernacula
1638 1130 1743 1193 liabens,

274 1231 328 1270 autu
339 1209 401 1277 ἑκὰς
415 1209 462 1287 μὲν
477 1210 570 1278 αὐτοὺς
584 1215 635 1269 τῶν
651 1215 736 1292 μερῶν
750 1209 878 1288 διεξάγει,
1106 1218 1199 1281 longius
1208 1217 1307 1282 quidem
1317 1218 1561 1282 casacuiapartlbus
1572 1219 1682 1282 deducit,

340 1299 423 1365 ἄλλας
438 1299 459 1356 δ’
474 1298 590 1379 ἐπαίρων
602 1290 674 1365 αὖθις
686 1302 752 1379 ὑψοῦ
765 1298 932 1374 πλεκτάνας,
1106 1307 1166 1357 alius
1178 1320 1235 1357 vcro
1245 1308 1331 1357 tollens
1340 1321 1424 1357 rursus
1433 1307 1458 1356 in
1467 1307 1544 1356 altum
1554 1308 1644 1367 cirrus,

343 1379 379 1446 ὧν
390 1386 436 1446 καὶ
449 1385 545 1464 μεταξὺ
561 1390 596 1454 ὡς
611 1385 680 1464 ὑμήν
695 1410 733 1454 τις
748 1386 796 1464 μὲν
809 1385 884 1444 πέλει
1106 1396 1169 1446 inter
1180 1409 1241 1459 quos
1250 1396 1322 1447 etiam
1332 1397 1407 1446 relati
1422 1397 1563 1448 membrana
1572 1396 1655 1460 aliqua
1664 1399 1701 1446 cst

340 1477 421 1556 χιτών
433 1500 462 1535 τε
474 1475 582 1548 λεπτὸς,
595 1465 669 1557 ᾧτινι
682 1485 782 1556 χρᾶται
795 1475 870 1548 τότε,
1108 1484 1236 1547 tunicaque
1248 1485 1343 1546 tenuis,
1355 1499 1404 1549 qna
1413 1485 1491 1536 utitur
1501 1488 1574 1546 tnnc,

276 1567 320 1644 (at)
336 1569 416 1624 ἱστῶν
428 1568 487 1624 κατ’
500 1563 629 1646 ὀρθότητα
647 1556 740 1643 οἷάπερ
756 1563 847 1645 λε’φος,
1107 1577 1216 1624 statuens
1228 1574 1252 1623 in
1262 1579 1369 1637 rectum,
1380 1576 1498 1638 tanquam
1508 1575 1606 1634 telum,

276 1675 329 1715 auae
340 1654 508 1713 ναυτίλλεται
524 1652 622 1726 ἥδιστα
636 1652 735 1712 τοῖόνδε
749 1652 856 1732 τρόπον.
1107 1663 1204 1725 navigat
1213 1663 1388 1725 iucundissime
1400 1664 1466 1713 hunc
1475 1664 1500 1712 iu
1512 1663 1621 1715 mudum.

341 1743 411 1803 ’All’
422 1741 454 1816 ἣν
468 1741 530 1800 ἰδὼν
542 1728 593 1820 Ιμὲν
608 1740 811 1818 δειματούμενος
822 1739 891 1822 τύχῃ
1107 1754 1198 1801 Vnmm
1210 1751 1230 1801 si
1242 1757 1398 1815 conspectum
1409 1755 1517 1802 metuere
1526 1752 1624 1815 incipiat

339 1832 365 1890 τλ
376 1835 427 1891 τῶν
440 1834 564 1910 ἐπαχθῶν
576 1837 622 1902 τῆς
633 1830 767 1903 θαλάσσης
779 1832 930 1902 κνωδάλων,
1108 1839 1206 1902 aliquod
1216 1839 1359 1890 iniustorum
1370 1841 1443 1890 maris
1455 1841 1611 1902 animalium,

340 1919 417 1987 αὐτὸς
433 1920 540 2001 βυθίσας
552 1910 624 1986 αὖθις
636 1921 723 2000 ἄντλῳ
737 1920 767 1978 τὸ
783 1917 895 2000 σκάφος,
1107 1929 1159 1991 ipsa
1168 1928 1311 1991 demergens
1321 1929 1409 1979 ilerum
1419 1930 1515 1980 sentina
1525 1929 1640 1992 scapham
1647 1965 1655 1990 ,

341 2007 432 2067 ἑαυτὸν
447 2008 572 2090 ἠφάνισεν
585 2009 612 2066 ἐν
626 2015 720 2087 μυχοῖς
733 2003 807 2078 ἁλὸς,
1108 2031 1160 2068 sese
1168 2017 1235 2068 abdit
1246 2018 1294 2067 altu
1303 2017 1327 2066 in
1338 2032 1448 2068 recessus
1459 2019 1533 2068 maris
1540 2053 1548 2080 ,

276 2117 330 2157 2010
340 2095 456 2156 κῖνδυνον
472 2101 567 2179 ἐχθροῦ
580 2100 615 2163 ὥς
629 2094 777 2176 ὓπόῖρυχῡς
788 2091 873 2175 φύγῃ·
1108 2107 1241 2169 periculum
1251 2107 1282 2156 ab
1292 2107 1361 2158 lunate
1371 2111 1398 2156 ut
1407 2107 1549 2157 submersus
1561 2106 1676 2169 effugiat:

340 2185 539 2266 παραδραμόντ’
551 2183 666 2265 ὀλέθριον
679 2185 702 2241 δ’
716 2183 778 2241 ὅταν
790 2187 853 2262 νοῇ,
926 2228 928 2234 ,
1109 2197 1295 2258 prrmtcruectum
1306 2196 1429 2246 exitialem
1441 2209 1500 2246 reru
1512 2195 1553 2245 abi
1565 2194 1685 2256 senserit,

279 2272 323 2356 (θλ)
339 2272 393 2332 τότ’
407 2275 488 2341 ἀδεῶς
500 2272 601 2349 ἄνῑῑσῑ,
617 2272 664 2330 καὶ
678 2271 758 2331 πᾶλῑν
772 2270 857 2330 πλὲῑῑ·
1108 2288 1161 2334 turn
1173 2285 1344 2346 sacnrcrcdil,
1357 2285 1481 2336 etiterum
1490 2284 1594 2347 navigat.

343 2361 395 2421 Ἐκ
408 2363 487 2433 τῆσθε
502 2359 604 2433 λοιπὸν,
622 2360 687 2433 ἄνα,
700 2364 748 2431 τῆς
767 2358 907 2439 συγκυρίας
1110 2374 1143 2419 Ex
1155 2370 1329 2434 laudunique,
1342 2385 1399 2430 τον,
1411 2373 1498 2420 eventu

345 2454 369 2510 οἱ
383 2450 500 2510 ναυτικοὶ
513 2453 638 2509 καλοῖσιν
655 2447 733 2508 αὐτὸν
745 2449 876 2522 ναυτιλον,
1088 2515 1090 2540 Ι
1109 2459 1199 2510 rrartliei
1213 2459 1334 2523 appeliant
1343 2473 1399 2508 eum
1409 2461 1546 2521 inutilium,

281 2561 331 2600 :rara
342 2538 370 2598 ὃν
384 2545 401 2613 ὴ
417 2541 492 2624 φάσις
507 2539 605 2609 ἔτευξεν
620 2541 715 2611 ἡδονῆς
729 2537 831 2618 χάριν]
1088 2543 1090 2580 ²
1109 2561 1181 2610 qrrnm
1191 2549 1281 2598 Natura
1295 2547 1421 2596 fabricavit
1430 2547 1562 2612 voluptatis
1573 2543 1670 2614 gratia-l
