3992 6078
592 341 723 400 PHiLAE
747 339 798 401 DE
818 339 953 402 VERME
974 343 1118 405 summ.

224 498 318 558 nuri
339 497 660 557 ΣΗΡΟΣΚΩΛΗΚΟΣ.

115 673 205 734 Ὀταν
217 676 326 754 πυρωθῆ
336 717 344 746 ,
356 672 466 755 ῥήγνυσι
478 672 525 750 μέν
537 674 581 732 τὸν
595 673 685 746 τόκον,

89 785 101 823 u
111 766 184 822 ποιεῖ
194 761 221 822 δὲ
234 761 331 842 νωθρδν
343 760 494 821 ἕκλεπιοθὶν
505 761 534 819 τὸ
548 761 656 842 βρέφος·

115 849 130 908 θ
142 851 190 908 καὶ
200 851 289 930 τρέφει
301 849 334 907 τὶι
346 846 432 930 φύλλα
443 853 494 907 τῶν
507 849 657 925 συκαμίνων

114 940 181 1020 πρὸς
191 938 239 1012 τῆν
249 939 446 1020 ἐπιπρέπουσαν
457 938 545 1016 ἀκμὴν
556 944 595 1020 τῷ
606 941 707 1022 χρόνῳ·

116 1029 266 1110 παχύνεται
280 1026 308 1087 it
324 1037 376 1096 τοὶς
391 1031 464 1096 δποῖς
478 1037 531 1096 τοῖς
547 1028 686 1109 έμφότοις,

115 1115 141 1176 οὶ
156 1119 253 1195 δρῶσιν
267 1117 350 1198 ἇδρθν
363 1116 410 1176 καὶ
423 1115 548 1197 προμήκη
563 1117 610 1189 τῆν
625 1118 735 1188 πλάσιν,

80 1225 104 1265 10
113 1207 150 1273 εὶς
162 1203 287 1280 εθτόμους
297 1201 385 1271 tina<
393 1203 594 1283 έσπειραμένην,

115 1297 173 1364 Τῆς
184 1291 237 1372 γάρ
248 1293 366 1373 κεφαλῆς
377 1291 466 1372 ῆρόμα
477 1292 632 1368 κινουμένης

114 1381 182 1462 πρὸς
192 1379 240 1452 τῆν
252 1380 375 1452 ποθεινῆν
387 1379 519 1458 συλλογὴν
530 1385 577 1453 τῆς
591 1381 726 1461 βρώσεως,

114 1479 203 1530 κεῖται
216 1467 248 1528 τδ
261 1468 335 1528 κάτω
348 1469 426 1544 σῶμα
441 1467 560 1548 καθάπερ
573 1468 670 1541 λέθος,’
700 1505 706 1518 ·

112 1557 148 1618 τά
159 1562 208 1630 τῆς
217 1556 280 1630 θλης
291 1556 377 1630 ἄδηλα
387 1555 512 1634 συλλέγον
526 1557 607 1636 βάρη.

80 1665 103 1706 tt
110 1641 200 1705 Ὅταν
209 1641 237 1701 δέ
247 1643 292 1702 καὶ
303 1641 334 1702 ιδ
342 1641 455 1724 φύλλον,
466 1641 579 1724 δτρέφει
588 1642 665 1716 τέως,

113 1735 303 1812 ἀπυτραχυνθῆ
315 1737 349 1812 τῇ
359 1737 491 1813 παρακμῇ
503 1737 549 1790 τοῦ
559 1731 655 1812 χρόνου
665 1777 674 1808 ,

114 1820 161 1880 καὶ
173 1823 220 1890 τῆς
231 1821 324 1900 χλιδῆς
335 1819 365 1878 τδ
380 1821 459 1894 σῶμα
470 1823 509 1900 τῷ
523 1819 593 1900 κόρῳ
610 1819 708 1900 βλῦσῃ,

113 1915 128 1969 θ
140 1905 211 1988 τρθιὶ
223 1908 332 1979 δνωθῆς
343 1906 404 1975 τοὺς
416 1908 517 1988 χυμοθς
529 1909 657 1967 durmin

113 2000 161 2056 καὶ
173 1999 221 2070 τῆν
233 1995 350 2076 κεφαλῆν
362 1999 397 2062 ὡς
407 1993 460 2054 ἀπὸ
472 1996 554 2076 κάρου
566 1996 684 2076 στρέφει·

81 2107 107 2146 ευ
116 2087 147 2146 τδ
158 2085 257 2146 λιπτδν
271 2083 435 2164 ἀπόσφαγμα
450 2084 539 2142 συνδεῖ
549 2093 602 2152 τοῖς
617 2085 741 2158 κλάδοις,

113 2175 161 2234 καὶ
173 2175 274 2254 γίνεται
285 2172 314 2230 ιθ
326 2177 399 2249 νῆμα
411 2173 485 2248 σῆμά
497 2197 523 2230 τι
537 2172 608 2240 ξένον

115 2262 298 2334 καταπιληθὶν
309 2263 356 2332 τῆς
367 2262 468 2331 πλοκῆς
478 2263 511 2340 τῆ
522 2259 655 2339 συνθέσει,

114 2355 141 2412 έν
156 2345 178 2434 ᾗ
190 2348 320 2434 παρευθὶις
333 2349 493 2429 ἀποληφθεὶς
506 2349 625 2408 έκπνέει·

114 2443 162 2500 καὶ
176 2440 255 2500 πάλιν
267 2441 304 2504 εὶς
315 2441 369 2518 φῶς
381 2438 410 2495 έκ
420 2441 504 2517 ταφῆς
517 2437 674 2517 ἀνατρέχει,

78 2552 103 2592 us
113 2533 221 2612 πτεροῖς
236 2528 329 2587 ἑαυτὸν
343 2530 359 2585 δ
372 2523 478 2606 φθαρεὶς
491 2524 663 2592 καθοπλίσας.

112 2619 273 2690 Ἐξέπταται
284 2615 335 2696 γὶιρ
350 2620 395 2674 τοῦ
409 2614 468 2673 καθ’
482 2614 560 2673 αὑτὸν
578 2613 707 2694 θριγγέου,

112 2709 161 2768 καὶ
174 2704 329 2786 δημιουργεῖ
338 2707 376 2785 τῷ
387 2707 478 2785 τροφεῖ
484 2702 557 2769 νέους
567 2702 691 2784 σπόρους,

114 2797 192 2878 ἄλλῳ
206 2792 345 2875 συναφθεὶς
358 2795 388 2852 ἐκ
401 2798 486 2870 πυγῆς
499 2790 648 2871 θποπτέρῳ.

113 2887 148 2950 Ὁ
165 2887 190 2944 δ’
203 2881 365 2965 ὑπολειφθεὶς
378 2885 424 2940 τοῦ
435 2879 582 2958 παλιμόὶου
598 2880 677 2956 δόμος

77 2977 282 3038 εοιὶναλυτικοῖς
296 2969 460 3051 ἐξυφαένεται
474 2967 607 3049 στρόφοις·

111 3053 209 3144 χαυνοῖ
225 3059 276 3140 γάρ
290 3061 361 3139 αὐτῷ
372 3057 430 3125 τοθς
444 3055 601 3129 πιληθόντας
616 3055 706 3132 μίτους

115 3155 157 3214 ἐπ’
171 3150 313 3233 ἀνθράκων
323 3147 441 3224 νῆματος
452 3145 533 3206 imin
545 3145 623 3215 ζέοις.

118 3244 271 3303 Κᾶντεῒιθεν
282 3242 346 3315 ἡμῖν
360 3235 443 3308 ἡδέως
457 3234 592 3317 ὑφαίνεται

112 3331 214 3394 πέπλος
228 3324 343 3406 καθαρός
355 3326 481 3404 τεχνικῶς
495 3323 666 3398 νενησμένος,
710 3328 714 3336 “

79 3439 104 3478 οε
114 3419 219 3492 μᾶλλον
230 3414 257 3474 δὶ
267 3412 315 3472 καὶ
323 3411 459 3490 παέδευμα
470 3409 610 3491 σωφρόνως
620 3408 695 3489 ἔχον,

112 3499 135 3588 ᾧ
145 3505 194 3564 τδν
205 3499 326 3584 περιττδν
340 3501 543 3578 ἅποκοσμοῦμεν
555 3497 648 3578 πθφον,

112 3592 232 3673 ταλασὶορ
246 3589 381 3662 σκώληκος
396 3586 609 3667 έγκοσμοόμενοι.

113 3687 222 3746 Οὐκοῦν
231 3681 369 3760 προσηνῶς
379 3678 452 3737 τόνδε
462 3676 507 3736 τὸν
518 3675 618 3734 πέπλον
631 3674 715 3744 δέδου,

112 3771 199 3853 χιτὼν
209 3766 298 3847 λογικὶ
309 3769 457 3846 πρακτικῆς
468 3763 631 3844 ἱστουργέας,

77 3885 103 3924 ιο
113 3863 161 3922 καὶ
173 3863 227 3918 τῶν
241 3857 309 3916 ὅλων
326 3856 415 3936 άριστε
427 3859 560 3933 κοσμῆτορ
575 3851 674 3934 φύλων.

114 3950 288 4031 Περιστελεῖς
298 3944 349 4025 γὶιρ
362 3944 445 4025 ἄνδρα
456 3951 574 4020 γενναῖον
588 3942 676 4021 φιλον,

113 4039 142 4099 θν
158 4030 262 4103 οὗτοςδ
276 4033 352 4115 κλιὶιψ
365 4032 540 4110 ἀπεγύμνωσε
554 4030 661 4111 χρόνος,

113 4127 151 4188 θεν
166 4121 319 4196 ὓπολῃσιῆς
330 4125 369 4205 τῷ
381 4126 470 4204 φθοριῑ
485 4121 595 4180 πάντων
610 4119 707 4200 φθόρῳ.

1080 513 1131 572 DE
1152 513 1291 572 VERME
1313 513 1459 573 summu.

880 685 987 736 simulac
999 685 1111 746 innotuit,
1123 685 1242 747 rumpitur
1252 686 1338 746 partu,

881 776 906 823 et
919 775 1042 836 putamine
1056 773 1185 822 liberatum
1195 773 1245 821 adit
1257 772 1341 821 iustum
1355 771 1507 833 ianguidum,

881 875 953 924 quem
965 862 1021 911 ioiie
1035 862 1097 910 mori
1111 863 1181 911 aiunt

880 949 911 998 ad
921 949 1101 1012 adipiscendum
1111 949 1217 1012 vigorem
1226 948 1328 1011 temperi
1341 947 1524 998 conuenientem
1534 965 1540 1006 ;

881 1039 905 1086 et
915 1039 1039 1087 crassescit
1048 1050 1121 1086 suuoo
1131 1036 1219 1098 insito,

881 1139 931 1187 quo
941 1125 1049 1175 redditur
1059 1125 1149 1176 vermis
1160 1124 1255 1175 vatidus
1265 1125 1290 1175 et
1301 1125 1387 1188 longus
1397 1124 1540 1174 formatione

882 1213 905 1262 in
920 1214 1003 1264 fissiles
1016 1215 1117 1264 annulos
1130 1213 1255 1264 circinata.

881 1304 944 1352 Duru
955 1304 1029 1365 caput
1038 1304 1103 1352 enirn
1111 1302 1200 1352 sensim
1209 1315 1235 1352 se
1244 1302 1385 1352 summovet

880 1390 911 1438 ad
922 1391 1068 1452 carpendum
1079 1391 1161 1440 cibum
1171 1391 1216 1440 sibi
1226 1390 1377 1454 expetitum,

880 1478 977 1529 interior
987 1493 1042 1542 pars
1050 1480 1157 1542 corporis
1164 1479 1229 1540 jacet
1238 1479 1268 1528 ad
1278 1479 1352 1529 instar
1361 1478 1459 1542 tepidis,

880 1567 948 1616 siivae
957 1580 1031 1616 onera
1042 1567 1136 1630 Uultu)
1148 1569 1248 1618 intentio
1258 1569 1317 1618 inse
1326 1568 1448 1630 colligens.

881 1659 962 1714 Quum
972 1669 1031 1704 vero
1040 1657 1113 1704 etiam
1123 1657 1193 1716 tolia,
1207 1656 1296 1719 quibus
1308 1656 1415 1705 huedum
1428 1655 1505 1705 iuerat
1514 1655 1633 1715 nutritus,

881 1745 1020 1795 maturitate
1030 1745 1146 1808 temporis
1157 1745 1299 1807 diriguerint
1311 1744 1412 1804 durata,

879 1834 978 1896 jamque
988 1846 1075 1895 eorpus
1085 1833 1137 1894 eius
1145 1834 1272 1884 saturitate
1281 1832 1429 1896 luxuriantis
1439 1831 1574 1894 tumuerit,

880 1926 934 1972 tum
946 1923 1025 1972 tentus
1036 1917 1130 1972 vermis'
1137 1922 1252 1970 humores
1263 1920 1362 1970 haustos
1374 1920 1472 1983 exspuit

881 2014 906 2060 et
915 2015 988 2072 caput
997 2010 1072 2072 agitat
1082 2010 1150 2071 quasi
1160 2022 1246 2072 sopore
1255 2011 1392 2072 gravatum.

874 2087 934 2150 'iton
944 2103 1016 2148 tenue
1030 2100 1238 2148 excrementorum
1251 2101 1344 2146 stamen
1358 2095 1620 2159 inremissuspendi13

881 2188 953 2250 idque
964 2190 1059 2237 textum
1072 2187 1100 2236 tit
1111 2186 1221 2235 mirabile
1231 2187 1386 2248 sepulerum,

882 2276 977 2325 diorum
991 2275 1057 2324 tricis
1067 2276 1211 2324 rontextum
1225 2288 1232 2322 ι

881 2378 930 2428 quo
941 2365 981 2414 iiie
991 2347 1102 2426 receptus
1112 2363 1193 2413 statim
1204 2361 1318 2426 exspirat.

882 2455 931 2504 Sed
942 2469 973 2504 ex
985 2454 1096 2516 sepulcro
1108 2453 1149 2502 iiie
1161 2465 1245 2502 rursus
1256 2452 1281 2501 in
1293 2452 1373 2502 iucem
1385 2450 1479 2514 prodit,

881 2541 1379 2605 aiisseipsum,quiperierat,instruens.
1503 2521 1506 2528 ⁴

882 2632 968 2682 Evolat
977 2630 1181 2680 enimeoiausiro
1189 2642 1249 2689 suo,
1442 2619 1444 2624 ’

881 2721 907 2770 et
915 2719 1029 2768 nutritori
1042 2731 1087 2769 suo
1096 2721 1210 2782 procreat
1219 2729 1282 2768 nova
1294 2716 1403 2778 semina,

882 2813 1010 2871 postquam
1019 2821 1045 2857 se
1054 2807 1169 2856 clunibus
1179 2805 1236 2855 alati
1246 2804 1371 2868 papilionis
1381 2804 1442 2852 atius
1449 2803 1581 2866 exeptavit.

882 2897 1064 2945 Domusautern
1072 2893 1123 2956 iam
1134 2892 1244 2942 invitem
1261 2892 1364 2941 restituti
1380 2891 1462 2941 relicta

882 2983 1003 3034 evolvitur
1013 2982 1071 3032 tusis
1082 2982 1141 3031 etin
1152 2981 1192 3029 tila
1202 2982 1326 3030 tenuatur.

768 3099 771 3106 ν
818 3137 821 3142 ¹
883 3077 994 3136 Namque
1004 3070 1217 3132 laxateiimpiexa
1226 3071 1252 3118 et
1262 3068 1409 3117 condensata
1421 3066 1461 3116 iris

882 3160 974 3212 textiiis
985 3159 1064 3224 operis
1078 3159 1186 3208 reclinati
1198 3170 1270 3220 super
1281 3155 1427 3206 corbonibus
1440 3155 1526 3205 noetio.

882 3254 961 3313 Atque
972 3263 1004 3299 ex
1016 3248 1082 3298 hisce
1093 3247 1139 3297 diis
1149 3247 1257 3297 suaviter
1271 3246 1362 3295 texitur
1376 3245 1445 3293 nobis

883 3352 971 3402 purum
985 3338 1157 3388 vestimentum
1168 3335 1296 3384 artificiosa
1310 3334 1375 3394 teia,

882 3427 932 3477 sive
941 3427 1021 3490 potius
1030 3426 1179 3498 praeceptum
1186 3423 1328 3483 modestiae,

883 3529 933 3580 qrro
944 3515 1094 3577 superiiuum
1104 3515 1193 3563 tastum
1205 3525 1339 3572 exuamus,

882 3601 980 3653 textura
990 3599 1114 3651 vermiculi
1127 3613 1171 3660 pro
1185 3600 1271 3648 ornatu
1287 3597 1373 3647 induti.

884 3693 959 3755 igitur
972 3692 1074 3752 benigne
1083 3687 1142 3738 mihi
1155 3687 1219 3737 dona
1232 3687 1279 3736 troo
1290 3687 1477 3746 vestimentum,

883 3779 994 3829 uranica
1004 3778 1096 3841 spirans
1109 3777 1134 3827 et
1143 3776 1237 3838 sapiens
1249 3775 1361 3838 prarrrcae
1371 3774 1499 3837 textrinae,

883 3871 908 3918 et
921 3867 1012 3930 optime
1024 3865 1191 3915 universarum
1204 3865 1336 3915 exornator
1348 3863 1465 3925 gentium.

807 3949 809 3955 ⁴
885 3957 1025 4008 convertes
1034 3955 1099 4004 enim
1109 3953 1201 4002 bonum
1214 3953 1294 4001 virum
1308 3965 1414 4015 eumque
1425 3950 1545 4010 amicum,

883 4058 955 4107 quern
968 4044 1040 4092 turer
1052 4041 1118 4092 istud
1134 4044 1231 4102 tempus
1244 4039 1391 4099 denudavit,

884 4135 946 4183 intro
957 4131 1111 4183 subserviens
1119 4129 1266 4180 destructori
1278 4129 1358 4178 onrniu
1369 4126 1472 4177 vastanti
1481 4125 1590 4190 (morti).
