4028 6042
320 2131 599 2203 Dilectissimum
626 2130 736 2202 Lehrs
765 2154 878 2226 quum
905 2130 973 2200 lata
1003 2155 1077 2200 non
1101 2133 1268 2203 sivissent
1294 2131 1406 2204 finem
1431 2149 1604 2230 attrngere

275 2260 358 2332 Φιλῆ
388 2278 555 2324 versuum
585 2251 628 2322 de
649 2251 862 2323 animalibus
888 2252 1201 2325 emendandorum
1230 2269 1266 2326 et
1286 2255 1394 2326 latine
1417 2259 1606 2329 vertendo·

276 2401 377 2464 rum,
413 2401 530 2472 neque
559 2375 722 2446 ultimam
739 2374 914 2470 adhibere
942 2401 1089 2447 manum
1111 2377 1153 2449 tis
1167 2403 1248 2475 quae
1262 2379 1452 2477 scripserat
1476 2380 1605 2452 morbo

271 2498 345 2592 jam
372 2495 525 2591 graviter
548 2495 720 2582 allectus,
751 2493 859 2566 licere
887 2494 976 2566 mihi
1002 2498 1124 2594 putavi
1153 2512 1195 2568 ut
1220 2497 1258 2568 in
1284 2497 1341 2568 his
1369 2499 1605 2571 retractandis

275 2617 397 2717 paullo
414 2618 560 2690 liberius
574 2642 746 2688 versarer.
762 2617 930 2689 substitit
949 2635 1069 2691 autem
1092 2645 1202 2718 opera
1221 2622 1304 2716 Ejus
1329 2621 1366 2690 in
1386 2619 1459 2693 line
1480 2623 1605 2719 capitis

274 2741 318 2810 de
331 2758 555 2826 monocerote,
575 2741 708 2840 inipso
722 2765 826 2811 versu
854 2765 953 2813 rooo.
969 2746 1069 2814 Hanc
1083 2759 1222 2840 partem
1239 2742 1354 2814 libelli
1369 2767 1410 2814 ea
1427 2767 1498 2840 qua
1514 2769 1605 2814 con·

275 2865 421 2963 spicuus
439 2881 513 2936 erat
543 2864 727 2961 diligentia
745 2880 780 2937 et
797 2863 925 2960 judicii
947 2867 1098 2937 sanitate
1123 2866 1304 2954 tmctavit‚
1325 2891 1413 2937 usus
1431 2866 1607 2964 scriptura

275 2988 441 3061 codicum
459 3003 633 3085 quattuor
655 3003 693 3060 et
706 2987 873 3059 editionis
896 2987 1096 3086 principis,
1126 3013 1235 3086 quam
1255 3002 1462 3060 enotaverat
1476 2992 1606 3060 Camus

276 3113 312 3182 in
331 3114 471 3184 Notiees
486 3129 522 3183 et
534 3113 697 3184 Extraitr
716 3112 788 3183 vol.
806 3115 847 3198 V,
865 3136 901 3208 p.
917 3111 1096 3210 623-667,
1117 3127 1153 3183 et
1176 3110 1492 3184 emendationibus
1509 3117 1608 3184 Stru-

276 3236 340 3324 vti,
359 3261 448 3332 quas
467 3235 613 3307 codices
631 3250 773 3307 tantum
791 3260 867 3307 non
889 3235 1027 3332 ubique
1043 3234 1271 3308 confirmant.
1293 3241 1373 3334 lpse
1393 3236 1531 3333 inspexi
1548 3262 1607 3334 co-

274 3356 391 3430 dicem
413 3359 478 3456 qni
499 3383 616 3455 nuper
639 3358 759 3429 illatus
784 3373 838 3430 est
865 3358 1035 3430 thesauro
1056 3361 1166 3453 Regio
1187 3358 1367 3456 (Suppl.),
1393 3357 1504 3429 chart.
1527 3384 1605 3430 saec.

274 3485 364 3569 XVI,
382 3496 435 3553 τοῦ
453 3485 633 3578 σοφωτάτου
708 3477 874 3568 ἰδιότητος,
896 3485 986 3579 ἤγουν
1004 3485 1183 3579 passche-pia
1202 3495 1379 3579 συγραφῆσα
1398 3481 1479 3575 (sic)
1491 3488 1527 3580 Ιἐκ
1545 3513 1609 3578 χει·

275 3611 321 3700 pte
336 3609 518 3705 παναγιότου
536 3605 616 3702 (sic)
635 3609 870 3703 παλαιολόγου,
896 3606 1111 3702 paucissima
1137 3603 1332 3676 habentem
1352 3604 1422 3676 sihi
1451 3606 1597 3702 propria

274 3728 343 3800 Sed
362 3754 476 3827 quum
492 3730 537 3801 de
559 3730 699 3827 optimo
713 3745 749 3800 et
759 3745 874 3827 poeta
890 3729 1001 3800 serme
1020 3729 1149 3827 aequali
1166 3728 1291 3801 codice
1309 3728 1546 3827 bombycino,
1569 3754 1604 3800 n.

285 3851 395 3940 1630,
412 3855 543 3951 saepius
559 3853 771 3951 scrupulum
788 3853 953 3949 injiceret
971 3854 1070 3925 Cami
1085 3854 1141 3924 vel
1163 3854 1413 3924 testimoninm
1428 3854 1483 3924 vel
1501 3853 1609 3924 silen-

276 3977 377 4065 tium,
391 3975 492 4048 hunc
507 3978 639 4048 iterum
657 3977 804 4048 tractavi
826 4003 835 4046 :
856 4001 932 4074 qno
951 3992 1104 4062 eventu,
1125 3991 1367 4072 cognoscetur
1385 3975 1498 4064 inlra;
1524 3999 1608 4045 nam

275 4101 395 4172 italico
414 4100 618 4172 charactere
632 4102 768 4173 voculae
781 4118 853 4198 opt.
875 4100 1033 4173 indicavi
1046 4101 1242 4198 scripturas
1258 4102 1402 4172 aCamo
1417 4101 1490 4172 sive
1505 4099 1610 4170 omis·

275 4247 331 4293 sas
349 4224 424 4294 sive
443 4223 534 4295 falso
556 4223 693 4296 relatas.
716 4224 882 4322 Denique
895 4223 1078 4296 Jacobsinr
1093 4223 1183 4294 mihi
1198 4224 1376 4295 concessit
1389 4221 1609 4294 emendatio·

277 4370 338 4416 nes
357 4371 454 4434 suas,
473 4372 563 4444 quas
583 4347 629 4418 de
645 4346 813 4445 exemplo
834 4347 949 4444 ipsius
963 4347 1157 4419 Pauwiano
1170 4346 1326 4419 enotavi.
1345 4347 1454 4417 Uncis
1473 4345 1609 4416 inclusa

275 4483 361 4540 suut
378 4493 459 4564 quae
475 4495 517 4541 ex
531 4469 607 4542 aliis
628 4469 732 4542 libris
753 4485 981 4542 accesserunt
998 4471 1115 4542 codici
1129 4471 1336 4542 Arseniano.
1361 4473 1472 4540 Pauca
1488 4493 1530 4539 ex
1551 4468 1609 4540 his

274 4592 531 4665 additamentis
555 4593 600 4665 ad
619 4593 743 4665 Philen
768 4608 952 4666 auctorem
981 4595 1103 4666 referri
1122 4582 1299 4692 possunt,
1332 4592 1441 4664 debet
1460 4593 1609 4664 fortasse

170 4731 180 4752 ·
275 4714 365 4787 nihil
385 4742 393 4784 :
414 4741 499 4788 nam
517 4717 586 4788 alia
611 4732 695 4788 sunt
722 4741 871 4815 prorsus
896 4715 1035 4814 χυδαῖα,
1067 4718 1215 4789 meliora
1240 4716 1457 4787 imitatorem
1487 4717 1608 4813 potins

275 4863 384 4934 quarn
403 4839 524 4937 ipsum
540 4838 666 4911 Philen
685 4842 844 4938 sapiunt.

321 4967 398 5035 Jam
418 4963 529 5061 igitur
555 4962 623 5035 hos
646 4964 787 5035 iambos
807 4963 852 5034 de
876 4963 1083 5035 artimolr'nm
1091 4966 1331 5061 proprietate,
1360 4963 1397 5034 in
1423 4963 1608 5034 Panwiana

276 5084 434 5158 editione
454 5085 576 5157 multis
596 5087 761 5184 partibus
780 5087 1009 5180 laborantes,
1038 5087 1211 5159 tradimus
1235 5087 1313 5159 Tibi
1334 5087 1444 5159 ferme
1464 5087 1609 5182 integri·

275 5207 338 5278 tati
354 5209 538 5280 restitutos
554 5210 772 5306 scriptorum
785 5209 955 5282 codicum
974 5209 1165 5282 beneficio.
1185 5215 1238 5282 De
1253 5210 1402 5304 singulis
1415 5208 1608 5282 locisaddo
