4028 6042
232 586 1614 622 mmmmmwmmmmmmmmmmnun

682 936 1159 1076 ramulus.

798 1317 1057 1346 ’ἥθ’-

269 1574 361 1642 Ante
373 1569 484 1644 hosce
496 1572 661 1670 quinque
675 1597 793 1645 annos
808 1572 847 1645 in
866 1573 985 1646 lucem
999 1571 1231 1672 prodierunt,
1253 1585 1402 1644 curante
1418 1569 1515 1642 doct.
1529 1575 1566 1641 F.
1583 1573 1623 1642 S.

221 1695 342 1785 Lebrs,
357 1696 453 1769 inter
465 1697 534 1770 alia
547 1697 705 1770 Marcelli
720 1697 850 1770 Sidetae
865 1699 1107 1797 fragmentum
1122 1696 1169 1769 de
1183 1695 1366 1770 medicina
1381 1693 1578 1792 episcibus
1594 1711 1631 1767 et

221 1821 312 1894 libb.
330 1828 382 1895 111
404 1823 450 1896 de
464 1823 592 1895 avibus
615 1825 680 1921 qui
694 1823 803 1921 vulgo
818 1849 885 1922 pro
897 1824 1107 1923 paraphrasi
1122 1822 1293 1899 carminis
1308 1821 1490 1920 Oppianei
1503 1820 1549 1893 de
1568 1845 1631 1892 au·

212 1949 329 2047 cupio
350 1949 543 2022 habentur.
563 1913 691 2020 Pdstea
708 1947 805 2021 doct.
825 1947 956 2038 Miller,
970 1944 1080 2042 hujus
1094 1944 1266 2017 editionis
1281 1945 1408 2018 merita
1420 1945 1632 2044 expendens

195 2139 199 2146 .
223 2072 398 2166 [Journal
414 2073 480 2144 der
498 2088 658 2159 savants,
675 2072 810 2158 Jur'llet,
833 2073 938 2144 Aozit
952 2087 988 2142 et
1006 2071 1206 2170 Septembre
1225 2067 1359 2167 1850),
1375 2071 1520 2143 monuit
1539 2081 1574 2142 1⁰
1593 2072 1632 2144 in

220 2195 392 2269 Biblioth.
403 2197 491 2269 olim
501 2198 598 2296 regia
605 2213 743 2270 exstare
758 2197 852 2270 duos
862 2198 1019 2288 codices,
1028 2198 1092 2296 qui
1106 2197 1264 2270 Marcelli
1276 2197 1519 2295 fragmentum
1535 2197 1634 2270 exhi·

136 2365 137 2368 =
221 2319 352 2394 herent
362 2321 552 2394 nonnullis
563 2321 602 2394 in
618 2320 709 2394 locis
723 2322 1004 2396 contextuedito
1017 2322 1256 2412 emendatius,
1267 2322 1413 2395 a⁰anno
1431 2321 1523 2423 1839
1532 2322 1630 2396 doct.

221 2448 368 2518 Cramer
386 2447 482 2546 typis
508 2446 700 2520 mandasse
720 2447 814 2520 duo's
832 2449 972 2546 priores
986 2448 1101 2520 libr'os
1126 2447 1172 2520 de
1190 2446 1319 2520 avibus
1343 2447 1469 2520 multis
1489 2447 1634 2546 supple·

219 2573 353 2644 mentis
367 2572 652 2671 locupletiores(
669 2571 858 2646 Aneedota
875 2595 989 2672 graeca
1005 2599 1026 2645 e
1046 2572 1154 2646 codd.
1174 2595 1258 2645 mss.
1280 2571 1452 2645 Biblioth.
1473 2597 1549 2672 reg.
1568 2579 1633 2649 Pa·

185 2683 188 2688 ¹
220 2697 280 2768 n's.
296 2711 322 2768 t.
340 2701 376 2786 I,
390 2722 426 2795 p.
444 2697 843 2795 ar-lm);‘exseripserat
855 2696 1031 2770 nimirum
1045 2694 1115 2768 bos
1129 2694 1244 2767 libros
1258 2721 1279 2767 e
1294 2693 1375 2768 cod.
1391 2695 1501 2768 Paris.
1524 2696 1633 2788 1843,

220 2820 389 2893 nondum
402 2821 521 2893 editos
529 2827 613 2894 'esse
628 2821 834 2894 arbitratus.
849 2820 1005 2918 Subjicit
1013 2820 1112 2894 doct.
1130 2819 1260 2910 Miller,
1272 2846 1348 2894 non
1360 2819 1452 2892 adeo
1469 2838 1633 2895 accurate

219 2971 350 3018 omnes
374 2946 487 3043 hujus
502 2946 640 3020 codicis
655 2947 831 3020 lectiones
847 2947 1080 3045 investigasse
1097 2945 1194 3018 doct.
1211 2948 1434 3035 Cramerum,
1447 2961 1496 3018 ut
1510 2946 1633 3020 futuro

219 3071 350 3144 editori
367 3071 461 3144 nihil
486 3071 676 3170 reliquerit
699 3053 916 3145 faciendum.
945 3072 1009 3144 llis
1035 3070 1145 3144 rebus
1166 3070 1316 3162 auditis,
1333 3087 1504 3144 strenuus
1520 3071 1631 3168 hujus

218 3195 455 3270 bibliothecae
477 3197 707 3297 dispensator
728 3199 920 3272 confestim
947 3196 1022 3269 duo
1049 3221 1159 3294 supra
1186 3194 1282 3268 dicta
1304 3195 1482 3293 opuscula
1508 3195 1632 3268 denuo

218 3321 320 3420 prelo
339 3323 517 3420 subjicere
537 3323 715 3416 decrevit,
730 3349 778 3396 ne
796 3324 934 3397 scilicet
947 3321 1100 3395 lectores
1119 3321 1299 3396 fructibus
1321 3319 1632 3395 defraudarentur

217 3472 312 3544 quos
325 3447 477 3521 forsitan
492 3449 711 3524 ecodicibus
726 3449 853 3522 adoct.
867 3445 1007 3520 Millero
1020 3443 1190 3517 indicatis
1197 3442 1391 3542 decerpere
1398 3443 1542 3535 liceret;
1559 3444 1634 3543 pla·

218 3574 295 3646 cuit
306 3589 429 3646 autem
446 3574 525 3648 viro
545 3574 691 3648 erudito
707 3574 799 3648 mihi
818 3571 1039 3647 demandare
1053 3569 1283 3668 provinciam
1304 3568 1415 3665 hujus
1435 3595 1539 3668 novae
1554 3569 1633 3643 edi·

218 3696 329 3768 tionis
353 3696 533 3770 curandae.
558 3703 682 3771 Restat
704 3698 825 3796 igitur,
848 3711 890 3768 ut
905 3694 1104 3770 lectoribus
1128 3719 1322 3793 exponam,
1347 3695 1537 3794 quomodo
1560 3693 1633 3771 hoc

218 3847 371 3895 munere
381 3823 530 3897 structus
544 3826 627 3898 sim.

265 3948 424 4021 Marcelli
446 3949 556 4023 codd.
570 3949 757 4041 evolvens,
776 3971 862 4022 mox
874 3947 1126 4038 animadverti,
1144 3947 1300 4022 alterum
1316 3945 1444 4046 (2633)
1460 3972 1503 4021 ex
1519 3946 1632 4021 altero

216 4071 343 4169 (2408)
351 4096 429 4145 esse
437 4074 708 4172 transcriptum.
718 4071 1080 4171 Constititpraeterca,
1093 4072 1308 4146 alterutrum
1317 4069 1452 4146 horum
1462 4071 1632 4144 codicum

216 4197 326 4270 fuisse
338 4213 579 4299 prototypum
589 4199 763 4272 editionis
782 4201 1044 4299 antiquissime
1061 4228 1173 4302 quarn
1181 4202 1347 4276 Morellio
1362 4202 1549 4276 debemus.
1566 4177 1633 4272 Ita·

215 4324 346 4421 quein
369 4323 662 4417 edendadenuo
696 4325 827 4400 eadem
847 4323 917 4401 hac
939 4329 1112 4402 carminis
1137 4329 1271 4404 lacinia
1296 4354 1382 4403 eum
1407 4326 1500 4401 mibi
1519 4326 1631 4402 fmem

215 4450 412 4549 proposui,
429 4466 471 4523 ut
485 4450 659 4523 omnibus
672 4451 763 4525 locis
784 4473 877 4551 quos
894 4453 984 4526 olim
997 4454 1090 4528 male
1105 4455 1240 4554 legerat
1254 4453 1459 4545 Morellius,
1472 4453 1530 4526 vel
1546 4479 1633 4552 prm-

113 4559 117 4566 *
216 4584 361 4674 pestere
381 4577 636 4650 immutaverat
653 4579 728 4650 siue
745 4578 846 4652 idern
864 4580 921 4651 vir
945 4577 1095 4670 doctus,
1117 4581 1191 4651 sive
1215 4577 1373 4652 editores
1392 4577 1632 4668 recentiores,

216 4700 351 4773 ecodd.
359 4725 483 4775 veram
495 4703 692 4777 lectionem
699 4705 942 4777 restituerem.
955 4703 1075 4777 Unico
1088 4719 1231 4777 tantum
1242 4703 1373 4777 inloco
1389 4727 1475 4776 curn
1488 4728 1509 4775 a
1521 4701 1630 4775 codd.

216 4839 294 4896 tum
308 4825 355 4897 ab
365 4825 472 4898 editis
487 4829 631 4920 recessi,
641 4855 694 4901 vs.
708 4827 756 4902 30
765 4829 941 4903 nimirum
951 4855 1020 4930 pro
1036 4833 1253 4910 καὶάνθήισσα
1278 4844 1396 4902 metro
1405 4828 1444 4902 id
1454 4827 1631 4927 exigente,

215 4949 283 5046 legi
297 4955 479 5030 κάνθῆεσσα.
