3992 6078
487 445 652 506 SERVILI!
674 447 926 508 otmocttt'tts
947 449 1040 521 QUAE
1060 441 1290 508 SUPERSUNT.

137 577 328 658 Ὑποχύνδριον
340 577 470 651 πεποίηκε
483 579 596 658 σκληρὸν
609 579 626 649 ἢ
640 578 708 658 μέγα

137 665 236 748 Σρύδρ’
250 668 361 746 ὠφελεῖν
371 689 379 706 ·
391 667 502 748 ἱδρῶτάς
513 691 541 726 τε
553 667 604 749 γδιρ
619 669 759 748 ἐπιφέρειν,

96 778 122 816 ευ
142 755 195 816 Καὶ
207 755 333 833 σκληρίας
343 755 414 814 λύειν
426 755 474 822 τὰς
485 759 536 816 τῶν
547 757 735 836 ὑποχονδρίων,

137 843 307 921 Ἀπαλλαγοίς
319 867 348 902 τε
362 847 415 902 τῶν
426 843 507 902 νόσων
520 854 602 903 ποιεῖν
614 845 698 923 ταχὺ,

138 931 195 990 Καί
208 930 255 998 τδς
272 929 371 1009 ἐποχὰς
382 929 410 989 δέ
421 933 472 989 τῶν
485 935 600 1012 φυσικῶν
612 933 781 1010 καταμηνίων

137 1017 225 1096 Ἄγειν
240 1019 375 1098 βραχείαις
388 1019 500 1100 ἡμέραις
514 1020 685 1097 ἐπικείμενον.

137 1105 213 1185 Ἐγὼ
226 1109 249 1165 δ’
263 1110 381 1188 ἀμοιρῶν
393 1108 440 1178 riv
451 1107 554 1167 τίτανον
569 1111 732 1190 στυπτηρίαν

96 1216 123 1254 νο
138 1197 243 1267 Διπλῆν
255 1193 378 1268 ίύαλλον,
393 1197 438 1254 καὶ
449 1195 480 1254 τδ
494 1195 632 1276 ρύρμακον
645 1203 733 1256 ποιοῦν

138 1283 262 1360 Ἄμεινον
275 1283 367 1359 ἔγνων,
380 1285 408 1342 οὐ
421 1289 510 1342 ποιοῦν
524 1283 558 1342 τὰ
571 1284 711 1366 ψυδροίκια.

85 1391 154 1450 (See.
169 1401 223 1450 gen.
234 1391 282 1448 vt,
293 1390 321 1436 P.
332 1391 369 1449 ll,
380 1401 404 1450 p.
418 1391 464 1438 tos
477 1390 502 1438 et
513 1391 590 1452 tos.)

407 1587 415 1593 -
421 1579 568 1604 ⁴000-—

221 1711 511 1772 ΔΑΜΟΚΡΑΤΟΥΣ
533 1713 731 1772 Maturus.

141 1883 220 1965 Χρεδι
236 1887 266 1962 (ί)
284 1883 311 1943 δὲ
323 1883 428 1951 πάντως
439 1883 484 1942 καὶ
496 1885 668 1961 μαλοίγματος
682 1889 763 1944 καλοῦ

141 1975 204 2039 Τοῖς
215 1974 315 2052 σρὸδρα
330 1974 509 2053 φιλιατροῦσίν
522 1971 596 2030 ἔσται
611 1975 738 2038 πολλάκις

145 2059 216 2136 Πρὸς
228 2061 374 2138 σπάσματα
387 2063 460 2137 μυῶν
475 2061 578 2137 μεγάλα
590 2059 635 2116 καὶ
647 2060 711 2141 πρὸς
724 2059 861 2140 ῥήγματα,

145 2145 263 2228 Ἄρθμιον
277 2148 316 2206 έτι
330 2147 358 2206 δὲ
373 2147 420 2206 καί
435 2147 599 2224 λυγίσματα,
609 2147 705 2227 νεύρων
721 2148 772 2225 [τε]
788 2171 875 2227 παχυ·

914 589 961 637 iut
972 587 1110 648 duraverit,
1119 589 1162 636 aut
1173 586 1268 636 auxerit
1278 584 1338 634 citra
1348 583 1462 644 modum,

916 676 1038 738 Opitulari
1047 675 1106 725 illud
1116 677 1273 738 emplastrum
1281 687 1353 736 quam
1365 674 1483 734 κακίονες

919 766 1012 826 Quippe
1021 763 1044 812 id
1056 763 1266 822 sudoresoueitat‚
1279 761 1419 824 praecordiis

918 852 1035 902 lluritiorn
1046 853 1121 916 tollit,
1134 852 1232 901 morbos
1242 851 1314 901 solvit
1324 851 1448 912 protinus,
1497 891 1501 900 .

920 944 1021 990 Retenta
1032 941 1151 990 naturalia
1160 941 1202 989 diu
1212 941 1335 990 menstrua

919 1031 1059 1091 tropusitum
1069 1029 1179 1092 pauculis
1191 1029 1275 1078 diebus
1285 1029 1409 1090 provocat.

920 1121 968 1168 llos
977 1120 1043 1168 calce
1055 1119 1153 1180 dempta
1163 1117 1263 1180 duplum
1277 1117 1374 1165 alumen
1386 1115 1504 1173 indimus,

920 1209 949 1255 Et
960 1207 1047 1265 melius
1056 1207 1213 1270 pharmacum
1227 1207 1293 1266 orat,
1305 1203 1369 1253 ltaud
1382 1203 1471 1254 taciens
1482 1201 1597 1264 pustulas.

1239 1577 1385 1599 «ιι-...0,-

1072 1711 1323 1772 DAMOCRATlS
1345 1708 1553 1769 mittenti.

925 1899 993 1958 Opus
1004 1909 1068 1958 saepe
1078 1896 1178 1946 omnino
1189 1897 1214 1946 et
1226 1894 1378 1957 malagmatis
1390 1894 1447 1944 boni

924 1984 1047 2033 itedioinae
1058 1984 1161 2034 strenuis
1170 1985 1215 2032 erit
1226 1982 1359 2032 cultoribus

924 2071 960 2122 Ad
973 2073 1095 2121 musculos
1104 2073 1195 2122 laceros
1206 2071 1277 2120 valde
1287 2075 1361 2133 atque
1370 2069 1497 2120 teudinum

925 2163 1047 2223 llupturas
1056 2161 1174 2223 tutosque
1183 2163 1262 2219 artus,
1273 2159 1458 2208 crassitudinem

102 2261 116 2298 ε
144 2237 199 2296 Καὶ
210 2236 285 2315 [τῶν]
295 2239 368 2313 μυῶν
380 2235 426 2302 τὰς
435 2235 561 2314 σκληρίας
574 2233 641 2312 μετὰ
653 2237 759 2314 φλεγμο·
773 2237 876 2314 [apolog
925 2251 1073 2308 Nervorum,
1084 2248 1299 2309 miraculorumque
1310 2247 1402 2310 absquo
1413 2246 1556 2308 phlegmone

145 2325 216 2406 Πρὸς
229 2324 317 2401 μέντοι
328 2324 451 2401 δήγματα
464 2323 528 2402 πρὸς
539 2329 623 2382 ταῦτα
636 2327 706 2382 τοῦτ’
719 2325 775 2384 ἐστὶ
808 2324 874 2408 [νῆς.
925 2337 1037 2387 Duritias.
1050 2336 1086 2386 ild
1098 2349 1191 2386 morsus
1202 2338 1227 2384 at
1238 2337 1291 2384 llaec
1299 2337 1336 2386 est
1349 2334 1457 2384 maxime

144 2412 365 2492 Δραστικώτατον
375 2435 382 2449 ·
394 2411 461 2491 αἴρει
474 2410 502 2470 δὲ
514 2411 560 2468 καί
574 2414 698 2490 λειχῆνας
709 2414 754 2472 καί
765 2413 877 2493 λέπρας,
926 2428 1016 2474 Tamen
1026 2425 1128 2486 efficax,
1141 2425 1252 2486 tollitque
1264 2424 1383 2482 lichenas,
1396 2423 1490 2485 lepras,

145 2500 331 2578 Ἐπικείμενον
346 2499 376 2558 τὸ
387 2501 507 2558 πλεῖστον
522 2498 623 2578 ἡμέρας
636 2499 716 2576 δέκα,

145 2588 350 2662 Ἀλλαττόμενον
361 2585 435 2666 παρὰ
447 2588 509 2663 μίαν
521 2587 538 2658 ἦ
554 2586 591 2644 δύ’
606 2587 715 2666 ἡμέρας.

107 2701 131 2738 to
147 2677 250 2748 Πίσσης
263 2677 382 2752 διαυγοῦς
398 2673 541 2754 ξηροτύτης
552 2677 642 2756 λίτρας
654 2677 708 2734 δύο·

146 2765 218 2826 Μίαν
232 2763 351 2836 πιτυΐνης
363 2764 408 2822 καὶ
421 2763 483 2840 μίαν
498 2769 579 2842 κηροῦ
593 2765 685 2822 καλοῦ·

144 2855 330 2931 Ἀμμιονιακοῦ
342 2851 388 2910 καί
401 2851 562 2931 στυπτηρίας
573 2855 652 2930 ὑγρᾶς
663 2853 743 2910 πάλιν

146 2945 219 3004 Μίαν
231 2941 413 3022 [προστίθει],
428 2940 501 3010 ὄξους
516 2942 569 3020 [τε]
583 2942 741 3022 δριμυτάτου
753 2940 798 3000 δύο

146 3033 251 3098 Ξέστας
265 3029 398 3109 μετρήσας
408 3029 454 3109 έχε
466 3029 724 3110 παρεσκευασμένον.

108 3143 131 3182 ts
145 3119 225 3181 Κατδ
238 3119 268 3177 τὸ
283 3118 393 3177 σπάνιον
408 3117 435 3176 δὲ
450 3117 585 3197 χαλύάνης
598 3120 637 3176 δυ’
651 3118 755 3195 οὐγγίας

145 3207 222 3274 Τινὲς
237 3205 426 3286 προσέύαλλον,
437 3206 590 3284 βουλόμενοι
599 3206 644 3272 τδς
654 3207 781 3285 σκληρίας

145 3301 255 3359 Θῦσσον
268 3294 384 3371 μαλάξαι
394 3295 442 3363 τδς
453 3294 565 3374 ίχυύσας
577 3293 622 3352 καί
636 3295 739 3374 χρόνον.

147 3383 266 3454 Σκευοίζε
280 3385 303 3440 δ’
314 3382 411 3448 οὕτως·
427 3381 653 3450 inclutissimi<
667 3383 752 3464 τρίτον

147 3475 335 3552 Ἀμμωνιακοῦ
348 3473 459 3551 κατέχει
471 3495 498 3530 τε
511 3471 556 3530 καί
571 3471 739 3550 στυπτηρίας·

76 3631 81 3640 ,
109 3561 205 3624 νο-Ιίαλ
215 3561 274 3620 λεῖα
288 3563 369 3620 ποιιῦν
380 3562 406 3618 ἐν
419 3559 491 3639 θυείᾳ
507 3559 619 3636 μείζονι,

149 3651 242 3730 ilipa<
254 3648 362 3720 ποίησον
378 3649 481 3724 μελιτος
493 3652 570 3726 ὑγροῦ
585 3647 753 3728 προσφάτου·

149 3739 256 3801 Πίσσαν
271 3736 298 3795 δὲ
310 3735 395 3794 καὶτὸ
406 3736 496 3796 λοιπὸν
512 3740 538 3795 έν
550 3741 627 3815 καινῇ
639 3735 724 3817 χύτρρ

146 3825 282 3908 ‘'E-inques,
294 3827 330 3890 ὣς
342 3833 395 3882 πᾶν
408 3827 473 3904 παρ’
486 3823 625 3901 ἐλοίχιστυν
636 3825 764 3903 έκρρυγῇ·

150 3913 231 3976 oden
242 3912 354 3991 κατέχει
365 3935 393 3970 τε
405 3915 457 3970 τῶν
471 3914 559 3976 καλῶς
570 3911 752 3987 λελεααμένων
780 3929 783 3936 “

112 4025 136 4065 ει
150 4005 198 4064 Ἐν
210 4006 243 4082 τῇ
257 4001 329 4081 θυείᾳ
343 4000 388 4059 καί
401 3999 526 4080 ἀνύκορθ’
542 3998 590 4066 ἕως
600 3999 671 4078 λείύῃ

150 4091 252 4152 Ξανθδν
266 4089 296 4148 τὸ
308 4094 404 4168 χρῶμα
417 4088 514 4167 μηλίνῃ
527 4089 716 4168 προσεμφερές·

152 4181 233 4248 Μίξαι
245 4179 272 4237 δέ
283 4179 386 4244 πύντως
400 4177 556 4256 βουλόμενος
566 4177 612 4234 καί
624 4176 773 4255 χαλύοὶνην,

151 4267 228 4328 Μετὰ
242 4271 324 4348 κηροῦ
338 4265 437 4336 ταύτην
449 4259 569 4335 πιτυίνην
580 4288 608 4322 τε
622 4265 795 4343 προσύαλεῑς,

151 4353 231 4438 Ἄρας
245 4355 303 4433 μετ’
317 4353 405 4430 ὀλίγον
418 4351 466 4423 τὴν
480 4351 580 4432 χύτραν
596 4353 648 4410 ἀπὸ
658 4359 703 4412 τοῦ
715 4354 805 4432 πυρός.

116 4467 142 4506 ευ
156 4445 233 4512 Τινὲς
249 4443 276 4503 δέ
287 4441 486 4523 προσύοίλλυυσι
499 4441 614 4516 σταθμὸν
628 4441 727 4517 μοίννης
741 4441 808 4516 ἴσον,

154 4535 210 4605 Τὴν
227 4531 390 4610 στυπτηρίαν
406 4529 520 4609 αἴροντες
533 4532 562 4588 ἐκ
574 4535 619 4588 τοῦ
634 4530 787 4610 φαρμάκου,

155 4623 209 4684 ltal
226 4621 359 4701 χρώμενοι
376 4619 441 4700 πρὸς
455 4617 490 4677 τὰ
502 4623 627 4696 τοιαῦτα,
644 4618 749 4685 καὶτὰς
766 4618 887 4698 προσφύ-

813 4713 889 4790 [τους

158 4719 282 4778 Κολλῖνοι
292 4713 375 4792 ταύτῃ
389 4719 422 4792 τῇ
435 4713 544 4788 δυνάμει
560 4711 708 4792 διαιρέσεις.

156 4811 181 4866 Τ
182 4805 250 4864 ούτοι
264 4802 292 4863 δέ
304 4803 421 4882 κέχρησο
435 4802 480 4860 καὶ
493 4801 545 4860 α’πὸ
557 4801 771 4882 πρώτηςὴμέρας

118 4915 143 4954 so
158 4895 219 4974 'Ep’
232 4917 268 4952 ων
282 4900 419 4970 προεῖπον,
430 4887 492 4948 ὅταν
503 4889 600 4968 ἔχωσιν
615 4890 732 4955 εὐλαύῶς

158 4985 227 5060 Μρδς
239 4980 285 5048 τὰς
296 4981 402 5060 ἅμυχές
417 5003 445 5036 τε
457 4979 503 5037 καί
517 4977 550 5036 τὰ
563 4977 671 5042 ταύταις
681 4977 809 5053 ἑπόμενα·

158 5076 206 5153 Τῷ
218 5070 338 5149 σπληνίῳ
351 5070 373 5127 δ’
386 5069 483 5127 ἄνωθεν
498 5067 549 5135 ὄξει
564 5066 703 5145 διάύρυχον

159 5157 279 5236 Σπύγγυν
295 5157 422 5215 ἐπίύαλλε
434 5156 480 5214 καὶ
492 5155 575 5214 irridet
588 5153 778 5228 πεπεισμένοις.

159 5245 251 5312 θἰίτως
263 5245 407 5326 ε’πιρῤίψεις
420 5243 484 5302 αύιδ
495 5243 540 5302 καὶ
552 5247 604 5310 τοῖς
615 5243 782 5314 σπληνικυῖς.

925 2516 958 2563 Ul
972 2515 1103 2576 plurimum
1113 2513 1197 2562 decem
1206 2511 1291 2562 diebus
1299 2511 1425 2572 additum;

926 2605 1034 2652 lllulatur
1046 2603 1122 2652 altero
1132 2601 1171 2650 dio
1180 2601 1219 2650 vel
1231 2601 1312 2650 terlio.

928 2691 989 2740 l‘icis
999 2690 1081 2740 nitidae
1089 2689 1226 2740 siccissimas
1235 2687 1307 2738 libras
1316 2687 1390 2749 duas;

928 2783 1005 2829 Unam
1015 2778 1116 2841 pityiom
1130 2791 1206 2840 pone,
1223 2789 1296 2826 unam
1309 2779 1335 2825 et
1345 2789 1408 2826 cerm
1418 2775 1506 2836 bouus

928 2866 1077 2916 Ammoniaci
1091 2879 1174 2914 rursm
1183 2863 1268 2928 liquidi
1277 2863 1474 2927 atquealumiuis

927 2959 975 3005 Fac
987 2955 1135 3016 singulorum
1147 2967 1234 3013 uuam,
1244 2952 1305 3002 duos
1314 2952 1427 3002 acerrimi

928 3043 1049 3094 sextarios
1057 3043 1127 3110 aceti.
1139 3044 1203 3090 itam
1213 3040 1308 3103 galbani

929 3131 1033 3191 Quidam
1049 3131 1132 3180 uncias
1145 3129 1206 3178 duas
1220 3128 1335 3188 miscent,
1350 3128 1456 3178 diutinas

929 3218 1116 3270 eitiusdurities
1126 3217 1236 3268 emollire
1245 3217 1287 3280 qui
1296 3217 1424 3278 expetunt.

930 3306 969 3355 Sic
981 3307 1129 3368 μαρτυρίας
1142 3307 1235 3366 partem
1244 3304 1305 3353 aceti
1316 3303 1414 3352 tertiam

930 3395 1087 3444 Ammoniaco
1095 3397 1167 3456 atquo
1177 3393 1278 3442 alumini
1289 3392 1460 3456 superaddito,

930 3489 965 3532 Ao
975 3482 1044 3531 luania
1058 3481 1160 3532 reddens
1169 3482 1194 3530 in
1204 3493 1292 3542 magno
1306 3480 1431 3542 mortario,

930 3571 1007 3620 italiis
1017 3570 1118 3619 recentis
1131 3567 1217 3632 liquidi
1225 3568 1408 3620 crassitudinem

929 3660 1026 3718 Facito,
1036 3659 1114 3721 picam
1127 3671 1184 3707 eum
1193 3658 1287 3708 caeteris
1296 3657 1321 3706 in
1331 3656 1400 3706 dcliii

929 3751 998 3798 llovo
1007 3747 1126 3809 incoquc;
1138 3746 1180 3796 ubi
1189 3748 1277 3795 cuncta
1286 3744 1413 3796 ascisceris
1424 3745 1473 3796 lere

931 3835 1033 3886 lnlunde
1046 3835 1163 3896 lmrigatis
1172 3835 1196 3884 in
1207 3834 1337 3895 mortario,

930 3927 961 3973 Et
974 3936 1058 3973 rursus
1069 3923 1120 3986 ipsa
1129 3921 1218 3984 tunde,
1229 3921 1287 3971 dum
1298 3922 1432 3984 receperint

930 4013 1032 4063 Flavum
1044 4012 1164 4072 colorem,
1174 4023 1291 4074 perquam
1305 4009 1407 4060 similem
1418 4007 1515 4058 melino.

931 4103 962 4152 iti
971 4101 992 4150 si
1002 4101 1089 4150 statuis
1099 4113 1196 4161 prorsus
1205 4097 1305 4148 miscere
1316 4097 1454 4159 gatianum,
1557 4127 1560 4133 -

931 4193 993 4240 (lum
1004 4203 1059 4238 cera
1069 4188 1184 4238 immittes
1192 4190 1217 4237 et
1226 4186 1304 4238 resina
1314 4186 1418 4248 pityiua3

932 4279 989 4327 Post
1001 4277 1073 4339 paulo
1084 4276 1116 4326 ab
1126 4276 1180 4338 igne
1189 4275 1320 4324 musabum
1332 4273 1387 4322 dein
1395 4273 1500 4322 tuleras.
1579 4286 1583 4294 ·

932 4365 1035 4424 Quidam
1045 4367 1130 4413 contra
1141 4363 1253 4424 injiciunt
1265 4375 1360 4412 manum
1370 4373 1451 4423 parem
1464 4358 1564 4408 modtuu

933 4454 1035 4504 ilumen
1043 4453 1180 4502 auferentes
1190 4464 1221 4500 εκ
1229 4449 1400 4508 medicamine;

933 4543 1041 4591 Utuntur
1051 4539 1081 4589 ad
1091 4541 1155 4590 idem
1165 4539 1218 4590 vitii
1233 4551 1320 4600 genus,
1334 4539 1360 4586 et
1367 4535 1488 4598 glutinant

934 4630 1069 4680 nimione·
1080 4627 1118 4678 liis
1130 4629 1238 4677 recentes
1248 4625 1347 4674 viribus.

933 4721 970 4768 Tu
981 4719 1028 4767 hoc
1044 4718 1120 4766 utitor
1132 4715 1195 4765 vela
1206 4715 1285 4777 primo
1295 4713 1376 4762 statim
1387 4711 1427 4760 die

935 4807 971 4857 ltd
980 4808 1081 4856 allectus
1092 4806 1194 4864 relatos,
1211 4816 1287 4866 quum
1300 4801 1381 4864 plagas
1396 4801 1482 4849 timent

935 4899 964 4944 Et
974 4907 1136 4958 quaecumque
1145 4892 1191 4940 alia
1203 4891 1283 4953 plagas
1294 4888 1387 4951 insequi
1399 4887 1490 4946 solent;

936 4984 982 5034 sod
990 4983 1081 5045 quenio
1091 4980 1227 5030 madentem
1236 4981 1305 5026 aceto
1312 4977 1437 5040 spongiam

936 5073 1044 5134 Desuper
1054 5069 1153 5130 inlicito,
1164 5069 1231 5117 arcte
1238 5067 1359 5128 stringens
1367 5063 1472 5114 vinculo.

937 5162 977 5211 Sic
988 5163 1011 5209 ct
1024 5159 1120 5209 limosis
1132 5157 1156 5206 id
1169 5161 1232 5206 recte
1242 5151 1373 5216 imponitur
