3992 6078
706 324 911 385 annulatur
932 320 1222 382 nluonnnrora
1241 289 1294 378 ’τε
1315 315 1506 377 laruam.

435 515 520 560 ΔΔΛΟ
538 512 767 560 ΔᾸΜΟΚΡΑΤΟΪΣ
784 509 952 557 unstruth.

358 643 427 721 Πρὸς
442 665 482 705 τις
498 637 625 703 διαθέσεις
638 637 684 704 τάς
706 637 772 715 ἄγαν
787 637 989 718 κιχρονισμένας

358 728 469 808 Ἕτερον
483 727 612 805 μάλαγμα
625 726 689 806 πρὸς
704 725 852 807 θπροεῐπον
863 724 976 784 εὔτονον.

316 838 345 877 oo
361 818 423 883 Τοῖς
438 818 589 889 σπληνικοῖς
604 816 709 873 πάντων
725 815 864 891 δὲμᾶλλον
879 813 999 893 ἁρμόσει,

358 903 416 965 llll
424 895 488 963 ῶσιν
503 904 585 984 ὠχροὶ
597 904 642 962 καί
653 903 816 980 πυρίσσωσιν
829 903 956 983 σφοδρῶς,

356 989 449 1070 ’Υδωρ
460 994 483 1049 τ’
495 990 590 1070 ἔχωσιν
601 991 627 1047 ἐν
637 990 799 1070 θποχονδρίῳ
811 989 905 1068 βραχύ·

311 1149 314 1154 ,
360 1077 434 1140 [loll
447 1077 498 1158 γάρ
510 1077 660 1158 θεραπεύειν
677 1077 802 1136 ἀδύνατον
812 1076 995 1154 μαλάγμασιν.

359 1166 453 1226 Σύκων
468 1168 585 1244 λιπαρῶν
601 1164 684 1244 ξηρῶν
697 1163 755 1241 μέν,
770 1162 808 1222 ἔτι
820 1165 847 1221 δί
862 1161 1018 1244 προσφάτων

319 1275 346 1315 νο
358 1255 398 1315 Τὸ
409 1253 503 1333 σπέρμ’
516 1252 619 1331 ἀπάρας
632 1252 662 1311 τὸ
676 1250 743 1310 πολὺ
756 1251 800 1309 καί
812 1250 854 1309 τθν
869 1251 997 1333 ὀμφαλὸν,

362 1344 464 1414 Στῆσον
479 1340 600 1420 δραχμὰς
612 1340 667 1418 τρίς
678 1338 754 1398 πέντε
771 1339 816 1397 καί
828 1339 917 1419 ἑτέρας
928 1339 1003 1396 δέκα·

362 1433 452 1510 Κηροῦ
463 1451 491 1488 τε
502 1432 595 1488 λευκοῦ
611 1430 740 1488 Ποντικοῦ
754 1425 860 1492 ταύταις
872 1425 944 1493 ίσας·

361 1516 554 1598 Μυροῦαλάνου
565 1539 594 1575 τε
606 1520 652 1586 τῆς
665 1517 778 1595 λιπαρᾶς
790 1515 878 1593 λίτραν
894 1515 968 1591 μίαν·

362 1605 459 1685 Νίτρου
477 1602 620 1663 θαλασσίου
635 1603 662 1662 δὲ
675 1603 765 1681 λίτρας
778 1603 878 1678 ἥμισυ·

310 1714 349 1755 ῐοο
364 1692 532 1772 Στυπτηρίας
544 1715 571 1750 τε
586 1697 695 1771 σχιστῆς
710 1691 830 1772 δραχμάς
845 1692 961 1762 δώδεκα,

363 1776 433 1837 Mad<
446 1795 475 1830 τε
487 1774 607 1850 δραχμῆς
616 1770 700 1847 ἥμισυ
714 1771 863 1850 τριῶὸολον·

363 1862 478 1930 Βδελλης
492 1859 584 1938 όνυχός
596 1881 623 1916 τε
636 1857 681 1925 τδις
691 1859 749 1925 ίσας
763 1857 923 1938 στυπτηρία·

362 1943 435 2009 Ἴσον
447 1969 474 2006 τε
486 1947 572 2026 νίτρου
584 1945 606 2005 τ’
619 1945 708 2012 ἄνθους
719 1945 823 2006 ’λσσίου
833 1947 918 2004 λίθου·

363 2036 546 2112 Ἀμμιυνιακοῦ
555 2057 584 2092 τε
594 2033 672 2092 ταῦτθ
687 2035 859 2111 θυμιάματος·

313 2143 353 2184 lut
368 2125 422 2184 Καὶ
436 2124 535 2194 τήλεως
549 2121 576 2180 δὲ
591 2121 741 2203 σπέρματος
753 2122 798 2180 καί
808 2121 944 2200 καρδάμου

365 2211 422 2272 Καὶ
432 2212 613 2290 καρδαμώμου
626 2211 671 2269 καί
682 2212 765 2280 καλῆς
779 2210 913 2288 θρειγάνου

366 2298 468 2359 Ξέστου
477 2299 599 2378 τέταρτον
611 2297 637 2367 ἐξ
650 2299 760 2357 ἑκάστου
771 2297 914 2376 μίγματος·

366 2387 496 2467 Ἐρεγμοῦ
510 2411 538 2445 τε
552 2386 583 2445 τὸ
597 2387 700 2466 μέτριον
716 2385 784 2465 [καί
797 2387 808 2464 ]
820 2385 900 2467 ίρίνου
913 2384 1005 2462 μάρου.

367 2475 406 2536 Th
420 2477 550 2553 μάλαγμα
560 2474 587 2533 δέ
603 2474 711 2544 σκεύαζε
723 2479 812 2532 τοῦτον
823 2476 866 2531 τὸν
885 2473 994 2554 τρόπον·

316 2585 354 2622 tro
369 2562 492 2623 Βδέλλιον
504 2563 566 2642 οἴνῳ
578 2561 717 2642 διάδροχον
730 2566 811 2620 ποιῶν
825 2564 928 2638 γλυκεῖ,

368 2652 396 2709 Μ
400 2650 493 2708 άλασσ’
508 2651 535 2707 έν
547 2648 633 2731 ὅλμῳ,
645 2648 776 2728 γενομένῳ
784 2649 845 2728 λείῳ
858 2651 880 2706 δ’
895 2649 960 2726 ἄγαν

369 2736 527 2814 Πρόσθαλλε
537 2743 605 2795 σῦκα
620 2738 664 2794 καὶ
679 2737 760 2795 κόπτε
772 2737 850 2795 πάλιν
863 2728 921 2815 [αὖ]
938 2736 1006 2812 ἅμα·

369 2817 447 2884 Οἶνον
460 2823 614 2904 παραχεάιν,
623 2827 680 2882 λεῖα
694 2825 802 2896 ποίησον
816 2826 915 2890 καλῶς·

371 2912 568 2991 Προσεμπάσας
581 2910 608 2970 δὲ
620 2911 705 2970 τάλλα
720 2911 806 2969 πάντα
819 2912 956 2989 μίγματα,

317 3021 355 3059 tls
369 2999 415 3059 Ἐν
427 2999 501 3056 ὕδατι
514 3003 601 3080 θερμῷ
616 2997 695 3078 κηρθν
709 2997 836 3078 ἐμθρέξας
848 3002 948 3076 καλῶς,

369 3088 498 3148 Μάλασσε
511 3087 600 3167 χερσὶ,
613 3086 658 3146 καί
670 3088 805 3154 πλατύνας
818 3087 953 3167 πρόσθαλε

369 3179 431 3242 'lm
444 3176 695 3254 ὁλμοκοπουμένοις,
709 3175 797 3257 ὑπέρῳ
808 3199 836 3234 τε
845 3176 978 3258 χρώμενος

369 3263 492 3344 Ξυλίνῳ,
505 3263 632 3322 λιπαίνων
645 3269 730 3322 ταῦτα
745 3269 859 3344 συνεχῶς
869 3269 906 3346 τῷ
922 3263 1007 3344 μόρῳ.

372 3351 467 3430 Καιρθς
482 3350 509 3409 δέ
519 3352 624 3411 πάντων
639 3352 759 3431 χρήσεως
774 3353 966 3430 μαλαγμάτων,

318 3460 356 3498 120
369 3438 442 3497 Ὅσα
458 3438 555 3518 κοιλία,
570 3441 698 3519 στομάχῳ
711 3442 779 3519 [τε]
793 3441 838 3501 καί
851 3447 903 3508 τοῖς
916 3441 1025 3522 ἐντέροις

371 3527 564 3586 Ἐπιθάλλεται
573 3527 711 3594 κάλλιστος
723 3533 736 3586 ὁ
750 3530 828 3610 μέχρι
841 3535 885 3600 τῆς
900 3534 1011 3610 τροφῆς,

368 3605 420 3682 Ἧς
433 3613 539 3687 ἔλαθον,
555 3617 581 3674 έν
595 3619 628 3696 τῇ
640 3617 734 3698 γαστρί
746 3617 782 3694 μὴ
800 3616 1002 3699 παρακειμένης.

317 3720 390 3780 (sec.
406 3719 452 3768 100.
463 3721 528 3780 vlll,
540 3721 567 3769 e.
583 3722 615 3778 u,
627 3732 651 3781 o.
665 3727 709 3770 nse
723 3723 748 3770 d
761 3724 835 3783 ooo.)

630 3909 791 3934 *-

433 4073 521 4132 llEPl
536 4073 694 4132 ΔΕΥΚΗΣ
717 4076 988 4137 annularent.

370 4236 418 4290 Δεῖ
430 4229 457 4289 δέ
470 4229 538 4308 μετὰ
550 4229 649 4289 τούτων
663 4230 721 4298 τοὺς
733 4231 880 4314 φιλιάτρους
892 4234 962 4316 ἔχειν

372 4318 474 4390 Λευκὴν
487 4317 570 4389 καλὴν
583 4318 751 4400 ἔμπλαστρον
767 4324 801 4386 εἰς
814 4321 1003 4402 ἀποσόρματα,

374 4407 428 4467 Καί
439 4406 472 4465 τά
486 4408 635 4488 πυρίκαυτα
649 4410 694 4466 καὶ
707 4407 739 4467 τά
752 4409 832 4489 χωρίς
846 4411 930 4480 αἰτίας

372 4493 546 4568 Ἐξεπιπολῆς
555 4497 679 4574 γινόμενα
687 4507 800 4579 φανερᾶς
812 4497 901 4560 ἕλκεα.

339 4607 351 4643 ο
373 4583 535 4650 Σκευάζεται
550 4586 573 4641 δ’
582 4584 677 4651 οὕτως·
687 4586 811 4668 ψιμυθίου
821 4587 910 4666 λίτραν
920 4612 927 4626 ·

372 4670 536 4750 Αιθαργύρου
543 4695 571 4730 τε
581 4678 627 4744 τῆς
638 4683 766 4755 τρυφερᾶς
777 4675 823 4734 καί
835 4679 951 4753 μάλιστα
962 4683 1005 4736 νῦν

373 4758 471 4838 Λίτραν
480 4759 545 4836 μίαν
558 4784 587 4819 τε
599 4761 644 4820 καί
655 4763 730 4842 μέρος
744 4763 834 4843 λίτρας
848 4765 942 4846 τρίτον·

374 4848 465 4925 ληροῦ
477 4870 505 4905 τε
518 4852 632 4928 καθαροῦ
646 4854 775 4911 Ποντικοῦ
791 4852 865 4912 πέντ’
874 4853 991 4934 οὒγγίας·

372 4934 542 5014 Τερμινθίνης
551 4960 579 4996 τε
595 4938 701 5018 οὖγγίαν
713 4945 758 5010 τῆς
770 4943 974 5022 καθαρωτάτης·

336 5041 362 5083 lo
376 5021 492 5084 Διόάνου
508 5023 535 5082 δὲ
551 5024 665 5104 μάννης,
679 5024 814 5096 ἢλιὸάνου
825 5030 901 5088 πεντ’
916 5031 1034 5110 οθγγίας·

374 5115 475 5172 Δευκοῦ
491 5111 513 5168 δ’
524 5111 612 5172 ίλαίου
623 5118 668 5172 τοῦ
684 5118 765 5175 καλοῦ
775 5118 820 5177 καί
832 5119 984 5200 προσφάτου

1277 515 1370 558 numu
1387 513 1585 556 uastoculrls
1600 513 1749 556 mandunt.

1132 645 1201 696 Aliud
1211 647 1330 709 malagma
1338 649 1369 698 ad
1378 649 1428 711 jam
1438 649 1525 698 relatas
1534 645 1687 696 commodum

1133 735 1290 796 Allectlones,
1301 737 1419 786 siluerint
1432 735 1545 796 diutinam
1632 799 1638 810 γ

1132 825 1231 874 conteri
1241 825 1347 885 lienosis,
1362 825 1400 874 rel
1414 826 1525 873 omnium
1534 822 1639 886 optime,

1132 910 1157 960 si
1169 912 1273 973 palleant
1289 925 1318 961 ac
1331 913 1421 962 lebnam
1433 912 1557 974 patientur
1568 923 1681 972 marem,

1134 1003 1275 1062 dquamque
1282 1001 1385 1050 habeant
1396 999 1535 1063 praecordiis
1543 999 1563 1048 si
1576 999 1714 1060 pauculam

1134 1088 1235 1137 Multam
1252 1091 1469 1151 nequeuntcurarc
1478 1089 1543 1137 enim
1555 1088 1704 1147 malagmata.

1134 1179 1204 1228 Ficus
1216 1191 1275 1240 σερε
1285 1179 1383 1241 pingues
1392 1179 1514 1238 sicciores,
1524 1177 1566 1227 sed
1578 1189 1668 1237 noras,

1136 1267 1165 1314 ut
1176 1268 1266 1314 semine
1276 1265 1352 1326 eiecto
1364 1266 1483 1328 plurimo,
1492 1268 1518 1314 el
1530 1265 1671 1314 umbiliculo

1135 1353 1247 1415 appende
1261 1353 1390 1403 drachmas
1399 1353 1527 1415 quinquies
1536 1357 1623 1404 tresac
1634 1352 1728 1409 decem,

1136 1444 1251 1505 diuaeque
1262 1455 1324 1491 cerae
1337 1443 1443 1492 l‘oulirre
1456 1429 1538 1502 darem
1549 1441 1662 1502 modum,

1137 1532 1284 1594 hlyrohalam
1296 1531 1390 1593 pinguis
1402 1530 1487 1579 libram
1501 1534 1554 1592 ρυει
1565 1530 1695 1590 integram,

1136 1621 1197 1672 Nitri
1208 1621 1293 1669 marini
1305 1619 1347 1668 scd
1361 1620 1447 1668 libram
1458 1619 1532 1667 modo
1541 1619 1680 1678 dimidiam,

1137 1709 1255 1758 llluminis
1264 1709 1329 1756 scissi
1344 1708 1484 1769 duassupra
1496 1707 1580 1756 decem

1138 1799 1270 1848 Dracluuas
1280 1809 1401 1858 superque
1414 1795 1539 1845 dimidiam
1551 1796 1684 1855 triobolum

1140 1889 1169 1936 El
1178 1900 1235 1934 mox
1244 1885 1356 1948 onychis,
1364 1885 1430 1947 quod
1438 1885 1473 1934 sic
1481 1889 1594 1943 vocatur,
1604 1884 1683 1932 bdellii

1139 1975 1218 2025 λάθεν
1227 1987 1310 2036 parem
1322 1975 1348 2022 lu
1360 1973 1474 2023 aluminis
1482 1973 1573 2022 dictum
1585 1973 1697 2032 modrrm,

1140 2062 1207 2112 llllro
1219 2075 1301 2124 parem
1311 2062 1394 2111 norem
1405 2060 1489 2123 lapidis
1498 2061 1622 2122 sednssii,

1139 2151 1288 2199 Ammoniaci
1300 2153 1443 2212 lentumque
1454 2151 1633 2211 thymiamatis,

1140 2241 1170 2288 El
1181 2239 1278 2287 seminis
1290 2239 1345 2287 loeni
1356 2239 1434 2288 Graeci
1447 2241 1471 2288 el
1480 2239 1605 2297 nasturtli,

1141 2329 1171 2376 El
1180 2327 1341 2386 cardamomi,
1349 2339 1422 2389 quam
1430 2327 1674 2388 optimiqueorigani,

1142 2419 1176 2464 De
1186 2415 1284 2476 singulis
1293 2415 1392 2464 sextarii
1401 2418 1514 2477 quartam
1526 2414 1613 2474 rnodo;

1142 2505 1313 2566 Lomentique‚
1325 2503 1379 2552 irini
1392 2505 1505 2565 unguinis
1518 2503 1584 2566 quod
1594 2503 1691 2552 sufficit.

1142 2595 1243 2642 Paratur
1251 2595 1276 2642 at
1286 2592 1385 2641 tandem
1397 2593 1516 2654 malagma
1527 2593 1552 2640 in
1566 2593 1631 2640 liunc
1639 2591 1749 2639 modeim

1141 2683 1205 2732 Vino
1215 2681 1389 2742 rigatumdulci
1400 2681 1515 2729 bdellium
1527 2681 1625 2729 lundilo

1144 2770 1206 2830 Pila,
1216 2769 1383 2832 levissimoque
1394 2770 1457 2818 lacto
1471 2769 1570 2828 adjicito

1143 2861 1214 2908 Ficus
1222 2859 1307 2918 simul,
1321 2871 1451 2918 rursusque
1461 2857 1506 2905 rlle
1518 2857 1631 2916 tundilo,

1086 2943 1089 2952 ¹
1143 2951 1197 3004 Quo
1206 2947 1264 2995 trita
1275 2946 1324 2995 rlni
1334 2946 1429 2996 stillulis
1440 2944 1500 2994 haul
1514 2945 1598 3007 prohe;

1144 3035 1250 3084 hllxlura
1263 3048 1321 3084 mox
1330 3034 1433 3083 addatur
1444 3034 1501 3082 inde
1512 3033 1654 3096 inspersilis;

1144 3125 1175 3171 dl
1187 3125 1239 3184 post
1248 3121 1350 3182 rigatam
1362 3119 1454 3170 fervida
1466 3133 1546 3168 cerem
1556 3134 1587 3169 ex
1600 3135 1664 3183 equa

1145 3210 1241 3258 Mollem
1252 3209 1376 3268 menibus,
1390 3210 1529 3272 laetamque
1539 3209 1612 3257 latam
1626 3210 1732 3270 adjicito,

1145 3303 1175 3348 ut
1185 3301 1239 3346 lusa
1250 3311 1305 3346 mon
1319 3298 1374 3358 ligni
1388 3296 1455 3346 radio
1466 3298 1626 3358 compingito,

1145 3389 1226 3436 Gullis
1240 3390 1264 3436 et
1277 3387 1387 3448 unguinis
1395 3387 1506 3447 frequens
1515 3386 1668 3435 medetacilo.

1150 3479 1210 3524 Usus
1219 3477 1390 3536 malagmatum
1399 3475 1508 3522 omnium
1520 3487 1575 3536 quac
1590 3475 1707 3522 veniriclo

1146 3564 1265 3613 luduntur
1274 3565 1298 3612 el
1307 3563 1442 3623 stomacho,
1454 3561 1526 3611 simul
1544 3562 1672 3611 interaneis

1148 3657 1188 3704 l³sl
1200 3658 1310 3716 tempus,
1323 3656 1347 3703 lu
1357 3668 1406 3716 quo
1418 3655 1459 3716 qrri
1470 3653 1539 3702 cibus
1553 3658 1679 3714 congestus
1688 3654 1722 3702 est

1147 3747 1198 3793 tlon
1208 3744 1311 3806 arnplius
1326 3743 1414 3793 residet
1426 3743 1450 3790 in
1460 3741 1587 3790 renidenti
1597 3755 1666 3790 caro.

1459 3915 1622 3938 ⁴000-

1322 4070 1369 4129 DE
1391 4071 1490 4131 ALBO
1512 4071 1746 4131 EMPLASTRO.

1148 4253 1180 4301 hl
1191 4263 1248 4300 eum
1259 4251 1296 4300 his
1306 4251 1394 4302 trahere
1405 4253 1562 4314 emplastrum
1571 4253 1671 4302 medicis
1682 4250 1785 4302 mareuil

1148 4340 1250 4400 album,
1261 4340 1346 4388 efficax
1355 4341 1587 4390 adversusavulsarn
1598 4345 1694 4400 orateur,

1149 4427 1264 4477 dunhusla
1272 4429 1302 4476 ad
1318 4430 1413 4488 ulcera,
1426 4431 1450 4478 el
1462 4443 1503 4491 per
1515 4442 1613 4478 sunrnra
1623 4429 1728 4492 corporis

1149 4517 1304 4566 Occasionem
1317 4517 1377 4566 citra
1391 4518 1543 4568 manilestam
1553 4519 1626 4568 edila.

1149 4608 1185 4654 lla
1197 4605 1285 4665 conlit3
1296 4618 1398 4654 cerussae
1410 4585 1471 4656 libra
1481 4620 1529 4656 una
1541 4609 1655 4668 sumitur,

1150 4694 1457 4756 Lyllmrgyriquedellcalae
1468 4697 1551 4758 postea

1149 4781 1220 4830 Libro
1235 4783 1316 4830 rinnel
1329 4782 1479 4844 paradelnde
1494 4783 1562 4833 librae
1577 4785 1663 4843 tarnim

1149 4872 1264 4931 Ceresque
1275 4883 1342 4932 puras
1353 4871 1459 4926 nuntiem
1466 4872 1573 4934 quinque
1583 4873 1675 4932 unclrc;

1149 4958 1326 5008 Terchinlhinae
1338 4959 1418 5020 pondo
1427 4960 1498 5008 rancia
1509 4963 1534 5008 el
1547 4961 1699 5022 purissima,

1148 5045 1282 5106 Thurisque
1293 5059 1388 5094 arianum
1402 5049 1438 5096 vel
1449 5047 1528 5096 llnrris
1536 5049 1618 5110 quinae
1628 5049 1722 5107 uueiae,

1149 5132 1249 5182 Galadidi
1261 5134 1306 5183 olei
1318 5135 1374 5184 lieni
1388 5136 1489 5185 recentis
1497 5137 1584 5204 selibra

1597 5844 1948 6048 ί.
