4028 6042
105 451 272 536 σεο-ων

185 589 255 670 χειρί
264 587 292 648 δὲ
303 587 391 648 λαῦὼν
405 587 450 647 καὶ
463 587 637 668 παραψαύσας
652 588 741 668 μόνον,

122 679 175 756 (ro)
188 679 224 744 εἰς
237 675 313 756 δγκον
327 679 408 756 θγρᾶς
417 676 563 757 φλεγμονῆς
577 675 719 757 ἐξετράπη,

184 763 304 845 καθάπερ
317 764 382 824 οίδεῖ
394 763 440 824 καλ
453 762 483 822 τὸ
497 765 630 844 σαρκῶδες
639 765 715 846 τίρας

121 873 181 912 raes
192 851 265 933 ριφλν
279 851 348 911 κατὰ
356 857 404 931 γῆς
415 853 462 912 οὐκ
474 851 584 932 ἱχσύσης
595 853 708 930 ἰκμάδα.

191 939 270 1012 Πλὴν
284 939 412 999 άπολυθὲν
427 943 462 1007 είς
475 939 506 998 τὸ
521 943 628 1022 ῥεῖθρον,
646 939 777 1014 αύτάναξ,

188 1018 262 1095 αὖθις
273 1030 355 1106 άναζῆ
365 1073 374 1104 ,
386 1027 431 1088 καί
442 1026 601 1108 προέρχεται
612 1027 701 1100 πλέον,

122 1117 176 1194 (ιε)
188 1119 224 1184 ὡς
236 1115 389 1198 πσμφολυξ,
403 1114 421 1186 ῆ
433 1113 535 1190 κύστις,
546 1113 564 1187 ῆ
577 1121 675 1198 σφαῖρα
687 1115 757 1190 ξένη.

436 1263 568 1279 ,-

315 1355 408 1414 ΠΕΡΙ
429 1355 574 1414 ίΧΘΥΟΣ
595 1355 719 1414 intuor.

193 1489 270 1550 Ἐστλ
281 1488 345 1569 παρ’
356 1489 446 1557 Ἰνδοῖς
458 1487 504 1548 καλ
518 1487 618 1570 βραχύς
631 1487 704 1568 ἰχθῦς
718 1488 817 1566 με’λας,

130 1577 222 1644 Ποοδς
236 1577 379 1658 κρύπτεται
394 1580 443 1645 ζῶν
455 1579 490 1642 εἷς
505 1577 535 1634 τὸ
548 1580 599 1634 τῶν
614 1575 720 1656 ῥείθρων
737 1577 814 1656 βάθος

193 1663 241 1728 ἕως
252 1666 388 1734 τελευτῆς·
402 1665 546 1734 τηνικαῦτα
559 1660 610 1743 γὰρ
623 1661 700 1739 μόνον

192 1753 206 1808 δ
222 1749 310 1829 νεκρὸς
321 1749 477 1809 ἀνέπλευσεν
489 1753 525 1815 ὡς
536 1749 619 1830 κούφη
634 1748 717 1814 πίτυς.

134 1839 182 1916 (σο)
196 1837 230 1898 Ὁ
244 1842 305 1914 γοῦν
317 1837 361 1895 τὸν
373 1839 447 1915 ἰχθῦν
461 1840 508 1907 τῆς
522 1838 582 1916 ῥοῆς
597 1833 746 1914 ἐξαρπάσας

192 1923 341 2006 παραυτίκα
354 1923 461 1995 τέθνηκε
468 1947 476 1995 3
490 1921 516 1980 τί
528 1923 567 1980 δεῖ
578 1921 724 2002 φαρμάκων
731 1947 739 1994 3

164 2163 256 2222 ΠΕΡΙ
278 2163 553 2222 ΚΡΟΚΟΔΕΙΛΟΥ
574 2161 651 2239 [tint
672 2163 869 2221 ΤΡΟΧΙΑΟΥ

420 2250 613 2328 onnreosp.

135 2411 187 2450 1705
198 2390 232 2452 Ὁ
246 2389 408 2470 κροκόδειλος
419 2388 528 2470 νήχεται
541 2389 589 2466 μὲν
605 2389 733 2467 εύτόνως,

194 2477 263 2546 άνεὶς
276 2476 304 2537 δὲ
317 2477 413 2557 χανδὸν
427 2481 464 2545 είς
477 2478 508 2537 ἰδ
521 2483 593 2554 κῦμα
608 2478 638 2536 τὸ
653 2479 753 2556 στύμα,

201 2567 315 2644 βδελλῶν
329 2565 439 2646 φορυτδν
451 2563 478 2634 ἐξ
491 2564 590 2624 ἐκείνου
601 2565 730 2640 συλλέγει.

198 2644 267 2716 Εἶτα
282 2653 374 2720 διαῦδις
386 2655 422 2720 εἷς
435 2651 479 2711 τὸν
491 2652 569 2731 ὄχθον
584 2655 614 2712 ἐκ
628 2653 724 2734 πόρου,

139 2745 172 2820 (ι)
186 2741 278 2800 πίπτει
292 2739 361 2799 κατδι
374 2745 423 2818 γῆς
434 2739 480 2799 καὶ
493 2739 583 2820 βλέπει
598 2740 642 2798 τὸν
659 2741 741 2814 ἥλιον,

135 2829 239 2892 etrusci
254 2837 420 2911 παραγυμνοῖ
432 2827 495 2908 πρὸς
504 2827 534 2887 τὸ
547 2832 602 2908 φῶς
613 2829 658 2888 καὶ
672 2829 718 2900 τὴν
734 2828 802 2898 ζέσιν

193 2915 253 2985 τοθς
266 2922 317 2976 τιῦν
328 2916 440 2994 γνάθων,
455 2915 592 2998 κράτιστε,
608 2918 751 2985 κολπώδεις
762 2919 865 2983 τύπους.

844 3040 846 3044 -
958 3015 1017 3065 Avis
1029 3026 1086 3064 vero
1097 3013 1209 3078 quaedem
1220 3013 1337 3064 trochilus
1346 3014 1426 3072 dicte,

192 3007 285 3088 Ὄρνις
298 3005 325 3066 δέ
341 3030 381 3074 τις
391 3006 511 3087 τρσχιλος
525 3005 723 3084 ὠνομασμένος,

196 3095 227 3154 τὸ
242 3095 343 3178 ῥάμφος
358 3095 438 3166 αὐτῆς
450 3097 549 3172 εὐφυῶς
561 3094 731 3176 ἐπεισφέρων,

140 3187 184 3266 (to)
196 3183 242 3250 τδς
254 3184 409 3263 αίμοχαρεῖς
422 3182 467 3240 καί
478 3179 618 3250 θλιῦούσας
632 3182 734 3260 ἐξάγει,

139 3295 190 3335 mc
199 3271 290 3332 τούτου
305 3272 397 3353 πράως
407 3269 512 3350 ἔχοντος
526 3272 561 3336 εἰς
571 3269 602 3328 τὸ
617 3269 764 3351 συμφέρον·

197 3361 243 3420 καὶ
254 3359 302 3432 τῆν
316 3357 434 3440 κεφαλὴν
446 3357 505 3415 ἀντί
517 3363 609 3434 μισθοῦ
624 3358 755 3436 λοιμὸάνει

199 3445 281 3526 μηδὲν
292 3446 372 3507 κακὸν
382 3451 518 3504 παθοῦσαν
530 3447 559 3502 ἐκ
573 3450 617 3504 τοῦ
632 3445 731 3526 θηρίου.

479 3607 605 3620 -ιυ-

317 3702 423 3779 [ΠΕΡΙ
444 3703 722 3780 1ΧΝΕΥΜΟΝοΣ.]

200 3857 363 3940 Ἰχνεύμονσς
374 3857 402 3918 δὲ
409 3859 569 3939 προσὸαλεῖν
581 3821 752 3939 ἠπειγμένου,

201 3953 251 4030 βοᾷ
261 3972 286 4007 τι
298 3948 420 4029 λαμπρὸν
434 3952 449 4007 ὁ
459 3948 579 4029 τροχίλος
591 3949 694 4022 ἐνθάδε,

142 4057 190 4098 ιιεο
199 4037 243 4096 καὶ
258 4037 377 4118 διανιστᾷ
386 4035 430 4095 τδν
445 4037 543 4117 βραδὺν
556 4037 621 4118 πρὸς
631 4035 679 4108 τῆν
695 4036 793 4114 μάχην,

197 4124 283 4183 παίων
298 4123 356 4182 κατ’
370 4127 450 4196 αὐτῆς
461 4130 508 4198 τῆς
521 4125 601 4204 ῥινὸς,
613 4124 659 4182 καὶ
673 4123 815 4204 θαρρύνων,

146 4217 177 4292 (e)
192 4213 238 4272 καὶ
253 4211 319 4290 μηδλ
331 4211 423 4292 μικρὸν
438 4216 545 4292 ἠρεμεῖν
560 4211 718 4292 ἐπιτρέπων.

199 4297 233 4360 ‘0
249 4301 276 4359 δὲ
290 4299 355 4378 πρὸς
366 4298 445 4380 ὀργῆν
455 4304 490 4368 ὡς
503 4299 533 4359 τδ
545 4307 598 4381 πῦρ
610 4299 736 4370 ἀναζέων,

199 4393 265 4470 αίρεῖ
279 4387 323 4448 τὸν
340 4388 431 4470 ἐχθρὸν
448 4391 575 4470 εὐχερῶς,
588 4388 633 4446 καί
647 4388 795 4467 συμπνίγει.

145 4477 307 4538 ms‘orriov
318 4499 349 4554 γε
364 4475 417 4554 μὴν
431 4473 533 4553 ίτσιμσν
547 4475 677 4556 ίχνεύμων
692 4475 776 4556 φέρων

198 4566 281 4648 χωρεῖ
294 4566 353 4624 κατ’
369 4565 450 4637 αὐτῆς
463 4567 573 4643 εὐγενῶς
584 4569 630 4636 τῆς
645 4565 767 4630 ἀσπίδος·

149 4653 192 4736 (ιο)
207 4657 286 4736 πηλῷ
300 4651 351 4735 γὰρ
365 4657 437 4734 ύγρῷ
451 4651 499 4724 τῆν
514 4653 592 4734 δσρδιν
603 4652 782 4732 κατοχρίσας,

202 4741 232 4802 τὸ
244 4744 334 4820 δῆγμα
344 4742 435 4824 θαῤῥεῖ
447 4742 494 4800 καί
507 4745 601 4822 κρατεῖ
612 4741 804 4822 προσερπύσας.

238 4828 331 4910 Ὕδιορ
343 4829 371 4888 δὲ
385 4833 424 4910 τῷ
436 4829 549 4906 στόματι
563 4827 689 4894 πολλάκις
704 4827 788 4909 φέρων

146 4939 194 4980 noo
206 4923 219 4977 δ
231 4915 394 4999 κροκόδειλος
405 4907 496 4988 οὗτος,
512 4914 540 4973 ὃν
552 4917 645 4982 Νεῖλος
661 4917 764 4996 τρέφει,

203 5011 216 5066 ἐ
233 5011 278 5086 psi
289 5005 386 5084 μεταξθ
398 5003 577 5070 λανθανόντως
588 5007 640 5065 τῶν
653 5003 763 5080 τρίὸων,

150 5096 192 5177 (ιι)
206 5031 246 5162 είς
260 5093 292 5154 δν
304 5093 460 5153 δλιαθάνωσι
472 5092 507 5151 τὰ
521 5091 617 5164 κτῆνη,
636 5091 724 5172 τρέχει

202 5183 247 5242 καί
259 5187 343 5241 ταῦτα
354 5181 454 5240 δειπνεῖ
464 5183 611 5257 συμπασῶν
622 5183 660 5260 τῷ
674 5180 803 5262 βσρύόριρ.

204 5271 259 5332 ίίαλ
267 5269 327 5337 τοῦς
339 5267 410 5350 ῦάωρ
420 5269 531 5340 ῆκυντας
546 5267 648 5349 ἀρύτειν
659 5268 746 5346 θίρους

471 461 598 520 PHILAE
621 461 763 522 VERSUS
782 463 834 523 DE
854 463 1078 525 sumanuh
1100 464 1376 525 PROPRIETATE.

946 602 989 652 scd
1000 601 1021 652 si
1031 615 1103 651 meno
1114 601 1267 664 prehenderit
1275 605 1300 652 et
1308 601 1412 664 attigerit
1424 602 1510 666 modo,

948 691 973 739 io
982 692 1101 740 tumorem
1111 689 1216 740 humidre
1228 690 1383 753 phtegmones
1391 691 1526 752 conjicitur,

948 778 1148 841 quemadmodum
1157 783 1235 828 tumet
1248 777 1320 827 etiem
1326 791 1454 827 carnosum
1466 780 1601 830 monstrum

948 879 1077 916 excussum
1089 866 1113 914 in
1126 869 1213 915 terrem
1222 878 1277 928 quae
1287 865 1411 914 humorem
1423 867 1518 916 cottum
1529 867 1600 920 trahor
1613 881 1619 916 ι

949 959 973 1003 et
984 955 1110 1002 remissum
1120 954 1145 1002 io
1158 953 1261 1014 tinente,
1272 967 1313 1002 rex
1324 989 1331 1013 ‚

950 1055 1033 1090 rursus
1043 1041 1176 1100 reviviscit,
1188 1043 1212 1090 et
1220 1039 1298 1089 nando
1311 1041 1456 1103 provehitur,

951 1129 1067 1190 otholia,
1080 1131 1119 1178 ret
1130 1129 1222 1190 vesica,
1234 1128 1273 1179 vet
1285 1129 1369 1191 globus
1381 1130 1504 1180 mirabitis.

1131 1371 1179 1420 96.
1201 1360 1254 1419 DE
1275 1362 1413 1423 INDICO
1437 1364 1553 1423 Prscu.

952 1512 996 1559 Est
1003 1509 1066 1572 epud
1077 1512 1149 1560 ludos
1161 1525 1249 1574 porrus
1260 1513 1332 1562 etiem
1343 1514 1416 1576 piscis
1427 1515 1493 1576 niger

952 1598 992 1659 qui
1004 1598 1088 1648 virens
1099 1599 1255 1649 absconditur
1266 1602 1291 1651 in
1300 1601 1446 1651 fluentorum
1458 1602 1531 1651 trrndo

953 1683 1068 1746 usquead
1081 1688 1182 1736 mortem
1196 1701 1202 1733 ι
1217 1699 1271 1734 nem
1282 1689 1340 1735 tunc
1351 1688 1504 1737 solummodo

952 1773 1054 1822 cederes
1065 1775 1118 1834 eius
1126 1774 1226 1836 emergit
1235 1773 1302 1824 reiut
1311 1775 1371 1824 teris
1380 1775 1460 1839 pinus.

952 1864 1006 1910 tum
1018 1861 1061 1924 qui
1072 1861 1136 1911 huuc
1144 1862 1231 1924 piscem
1241 1875 1256 1911 e
1266 1861 1379 1912 tiuct'rhus
1390 1864 1509 1923 extraxit,

953 1949 1017 1998 ittico
1029 1950 1130 1998 moritur
1142 1964 1149 1998 z
1159 1949 1218 2012 quid
1227 1963 1288 2013 opus
1301 1955 1338 2000 est
1349 1951 1546 2000 medicamentis?

956 2179 990 2228 97
1016 2167 1087 2250 (8¹2).
1114 2170 1167 2229 DE
1198 2171 1420 2336 θΒΟθῖεὲρΟ
1447 2171 1509 2249 [ET
1537 2174 1740 2233 Thoehuo

956 2402 1095 2452 crocodilus
1104 2405 1171 2452 natet
1180 2403 1278 2466 quidem
1288 2405 1385 2466 acriter,

956 2487 998 2536 sed
1010 2488 1075 2537 hiere
1084 2489 1108 2536 in
1117 2489 1206 2538 undam
1215 2489 1299 2538 sinens
1308 2503 1337 2538 os
1348 2526 1355 2549 ,

957 2575 1094 2625 hirudinum
1107 2576 1202 2625 turhern
1213 2590 1243 2626 ex
1252 2576 1293 2626 iilo
1301 2576 1400 2638 cottigit.

957 2663 1015 2713 tude
1024 2664 1110 2712 treusit
1119 2665 1144 2712 in
1156 2664 1274 2726 ripenses
1288 2663 1402 2726 hunnine,
1413 2669 1437 2712 et

958 2752 982 2799 in
994 2756 1057 2801 terro
1066 2751 1130 2812 locet
1139 2751 1273 2814 aspicitquc
1281 2751 1374 2812 solem,

957 2837 981 2886 et
991 2837 1066 2886 nudet
1078 2837 1110 2887 ed
1121 2837 1198 2887 iucem
1208 2838 1361 2902 caloremque

959 2924 1081 2988 tensium,
1094 2925 1281 2987 potentissime,
1290 2927 1367 2987 spatis
1381 2927 1489 2975 sinuoso.

959 3107 1062 3152 rostrum
1074 3115 1146 3152 suum
1157 3106 1291 3166 opportune
1300 3105 1340 3151 ori
1350 3103 1425 3152 ithus
1437 3103 1553 3162 intereos,

958 3191 1080 3252 sanguinis
1089 3190 1188 3254 cupidas
1197 3194 1221 3240 et
1230 3189 1369 3239 mordentes
1378 3191 1496 3252 extrahit,

959 3278 1018 3327 dum
1028 3278 1068 3328 itte
1077 3281 1174 3340 quietus
1184 3281 1266 3328 manet
1277 3277 1367 3327 adrem
1381 3276 1463 3326 utitem
1478 3293 1484 3325 ι

960 3372 983 3416 et
995 3371 1052 3416 cois
1062 3370 1135 3429 ceput
1147 3365 1249 3430 (uttam)
1263 3380 1305 3430 pro
1316 3365 1425 3415 mercede
1435 3367 1515 3416 ouiert

959 3456 1018 3504 nihii
1030 3455 1086 3504 meti
1099 3469 1196 3517 passum
1206 3469 1236 3503 ex
1247 3453 1336 3504 hettue.
1458 3435 1461 3442 ¹

1263 3591 1391 3604 ——--

1090 3693 1140 3772 ps
1165 3693 1235 3770 pe).
1258 3694 1310 3754 nu
1331 3693 1618 3771 scenendune]

961 3863 1124 3909 ichneumone
1134 3861 1216 3908 sutem
1226 3859 1321 3922 aggredi
1328 3858 1487 3908 crocodilum
1499 3859 1654 3921 properante,

961 3952 1125 3998 tuncecutuur
1135 3937 1266 3997 clamorem
1278 3947 1329 3996 edit
1339 3947 1470 4007 trochilus,

961 4036 986 4086 et
997 4037 1080 4085 incitat
1090 4035 1186 4084 tardum
1195 4034 1228 4084 ad
1239 4047 1358 4098 pugnem,

961 4124 1047 4174 terieus
1059 4123 1122 4188 ipses
1134 4124 1187 4185 ejus
1200 4137 1285 4184 neres,
1301 4127 1326 4172 et
1335 4123 1500 4183 exsuscitans,

961 4219 1023 4262 etue
1035 4213 1170 4275 pauxittum
1181 4211 1281 4275 quidem
1291 4212 1414 4274 quiescere
1425 4209 1513 4260 sinens.

960 4306 992 4352 st
1005 4300 1046 4350 itte
1056 4301 1080 4350 in
1090 4301 1150 4350 iram
1161 4301 1226 4350 vetut
1235 4300 1297 4362 ignis
1309 4299 1487 4359 iuttommutus,

961 4390 1060 4453 corripit
1071 4389 1166 4438 hostem
1175 4403 1204 4438 es
1210 4388 1305 4451 pedite,
1317 4391 1342 4436 et
1353 4386 1463 4434 sutiueat.

962 4481 1051 4528 Verum
1062 4491 1128 4526 arma
1137 4477 1223 4527 idonea
1233 4477 1311 4526 tereus
1323 4475 1467 4524 ichneumon

961 4565 1094 4628 aggreditur
1103 4565 1180 4628 ipsum
1189 4565 1295 4614 animose
1301 4561 1409 4626 aspidem
1422 4575 1428 4608 :

962 4668 1017 4704 nem
1027 4654 1069 4704 uhi
1080 4653 1176 4703 madido
1187 4665 1255 4704 coeno
1265 4649 1350 4714 pellem
1362 4661 1431 4696 suern
1441 4647 1546 4708 ohternt,

962 4757 1070 4792 morsum
1082 4742 1186 4805 spernit,
1198 4737 1292 4802 odrepit
1301 4741 1325 4788 et
1336 4737 1417 4786 vincit.

993 4837 1085 4895 Aquam
1095 4831 1177 4880 notem
1185 4828 1212 4878 in
1223 4841 1266 4878 orc
1278 4839 1342 4888 saepc
1354 4826 1432 4876 terens

962 4918 1098 4970 crocodilus
1109 4918 1164 4977 hic,
1175 4929 1248 4979 quem
1258 4914 1327 4964 titius
1338 4915 1381 4962 ulit

962 5007 1064 5059 etiundit
1077 5007 1139 5056 ciem
1147 5005 1172 5054 in
1184 5003 1268 5054 mediis
1279 5003 1370 5054 sensitis
1384 5023 1389 5052 :

963 5098 988 5146 in
999 5095 1087 5160 quihus
1095 5093 1136 5144 uhi
1146 5093 1211 5154 topsa
1222 5091 1311 5140 inerim
1317 5092 1442 5153 jumenta,
1453 5095 1555 5140 occurrit

963 5189 988 5234 et
997 5185 1049 5234 hrcc
1058 5181 1169 5244 epotator
1181 5183 1305 5243 protereus
1315 5178 1341 5228 io
1356 5179 1442 5228 tutum.

966 5275 997 5322 st
1009 5272 1053 5332 ite,
1066 5269 1108 5332 qui
1118 5271 1327 5330 rcumuotaquem
1336 5268 1452 5318 haustum
1461 5273 1561 5322 estote,
