<?xml version="1.0" encoding="UTF-8"?>
<!DOCTYPE html PUBLIC "-//W3C//DTD XHTML 1.0 Transitional//EN"
    "http://www.w3.org/TR/xhtml1/DTD/xhtml1-transitional.dtd">
<html xmlns="http://www.w3.org/1999/xhtml" xml:lang="en" lang="en">
 <head>
  <title>
</title>
<meta http-equiv="Content-Type" content="text/html;charset=utf-8" />
  <meta name='ocr-system' content='tesseract 3.04.00' />
  <meta name='ocr-capabilities' content='ocr_page ocr_carea ocr_par ocr_line ocrx_word'/>
</head>
<body>
  <div class='ocr_page' id='page_1' title='image "./poetbucolicietd00theogoog_0049.png"; bbox 0 0 4058 6092; ppageno 0'>
   <div class='ocr_carea' id='block_1_1' title="bbox 313 335 1200 427">
    <p class='ocr_par' dir='ltr' id='par_1_1' title="bbox 313 335 1200 427">
     <span class='ocr_line' id='line_1_1' title="bbox 313 335 1200 427; baseline 0 -28"><span class='ocrx_word' id='word_1_1' title='bbox 313 353 395 427; x_wconf 65' lang='lat' dir='ltr'><strong>mu</strong></span> <span class='ocrx_word' id='word_1_2' title='bbox 983 335 1200 400; x_wconf 71' lang='lat' dir='ltr'><strong>rnnrtno.</strong></span> 
     </span>
    </p>
   </div>
   <div class='ocr_carea' id='block_1_2' title="bbox 312 453 2000 634">
    <p class='ocr_par' dir='ltr' id='par_1_2' title="bbox 312 453 2000 634">
     <span class='ocr_line' id='line_1_2' title="bbox 313 453 1925 543; baseline -0.014 -13"><span class='ocrx_word' id='word_1_3' title='bbox 313 471 383 530; x_wconf 88' lang='lat' dir='ltr'><strong>belii</strong></span> <span class='ocrx_word' id='word_1_4' title='bbox 398 472 506 530; x_wconf 87' lang='lat' dir='ltr'><strong>lectore</strong></span> <span class='ocrx_word' id='word_1_5' title='bbox 519 491 577 526; x_wconf 91' lang='lat' dir='ltr'><strong>non</strong></span> <span class='ocrx_word' id='word_1_6' title='bbox 594 467 703 526; x_wconf 87' lang='lat' dir='ltr'><strong>monito</strong></span> <span class='ocrx_word' id='word_1_7' title='bbox 716 467 830 543; x_wconf 87' lang='lat' dir='ltr'><strong>legitur,</strong></span> <span class='ocrx_word' id='word_1_8' title='bbox 848 465 999 523; x_wconf 82' lang='lat' dir='ltr'><strong>confirmat</strong></span> <span class='ocrx_word' id='word_1_9' title='bbox 1013 461 1076 520; x_wconf 89' lang='lat' dir='ltr'><strong>cod.</strong></span> <span class='ocrx_word' id='word_1_10' title='bbox 1125 459 1303 536; x_wconf 83' lang='lat' dir='ltr'><strong>transscripsi</strong></span> <span class='ocrx_word' id='word_1_11' title='bbox 1327 458 1491 535; x_wconf 86' lang='lat' dir='ltr'><strong>exemplum</strong></span> <span class='ocrx_word' id='word_1_12' title='bbox 1514 455 1694 514; x_wconf 86' lang='lat' dir='ltr'><strong>Wakefieldii</strong></span> <span class='ocrx_word' id='word_1_13' title='bbox 1720 467 1752 512; x_wconf 89' lang='lat' dir='ltr'><strong>et</strong></span> <span class='ocrx_word' id='word_1_14' title='bbox 1775 453 1925 530; x_wconf 80' lang='lat' dir='ltr'><strong>Briggsii</strong></span> 
     </span>
     <span class='ocr_line' id='line_1_3' title="bbox 312 544 2000 634; baseline -0.013 -19"><span class='ocrx_word' id='word_1_15' title='bbox 312 558 438 617; x_wconf 81' lang='lat' dir='ltr'><strong>vindob.</strong></span> <span class='ocrx_word' id='word_1_16' title='bbox 455 559 498 617; x_wconf 92' lang='lat' dir='ltr'><strong>Cf.</strong></span> <span class='ocrx_word' id='word_1_17' title='bbox 514 557 635 634; x_wconf 86' lang='lat' dir='ltr'><strong>Zieglcr.</strong></span> <span class='ocrx_word' id='word_1_18' title='bbox 650 558 678 611; x_wconf 93' lang='lat' dir='ltr'><strong>in</strong></span> <span class='ocrx_word' id='word_1_19' title='bbox 695 554 839 611; x_wconf 88' lang='lat' dir='ltr'><strong>Theocrit.</strong></span> <span class='ocrx_word' id='word_1_20' title='bbox 852 557 874 610; x_wconf 89' lang='lat'><strong>1.</strong></span> <span class='ocrx_word' id='word_1_21' title='bbox 892 553 939 610; x_wconf 81' lang='lat'><strong>85.</strong></span> <span class='ocrx_word' id='word_1_22' title='bbox 1123 557 1256 618; x_wconf 86' lang='lat' dir='ltr'><strong>secutus,</strong></span> <span class='ocrx_word' id='word_1_23' title='bbox 1277 545 1330 604; x_wconf 82' lang='lat' dir='ltr'><strong>etsi</strong></span> <span class='ocrx_word' id='word_1_24' title='bbox 1350 564 1404 622; x_wconf 89' lang='lat' dir='ltr'><strong>pro</strong></span> <span class='ocrx_word' id='word_1_25' title='bbox 1424 544 1544 602; x_wconf 86' lang='lat' dir='ltr'><strong>Moscho</strong></span> <span class='ocrx_word' id='word_1_26' title='bbox 1563 556 1680 600; x_wconf 89' lang='lat' dir='ltr'><strong>auctore</strong></span> <span class='ocrx_word' id='word_1_27' title='bbox 1702 554 1828 599; x_wconf 87' lang='lat' dir='ltr'><strong>certare</strong></span> <span class='ocrx_word' id='word_1_28' title='bbox 1853 561 1923 596; x_wconf 78' lang='lat' dir='ltr'><strong>nou</strong></span> <span class='ocrx_word' id='word_1_29' title='bbox 1998 557 2000 632; x_wconf 55' lang='lat' dir='ltr'><strong>q</strong></span> 
     </span>
    </p>
   </div>
   <div class='ocr_carea' id='block_1_3' title="bbox 350 633 1225 722">
    <p class='ocr_par' dir='ltr' id='par_1_3' title="bbox 350 633 1225 722">
     <span class='ocr_line' id='line_1_4' title="bbox 350 633 1225 722; baseline -0.018 -18"><span class='ocrx_word' id='word_1_30' title='bbox 350 649 502 704; x_wconf 84' lang='lat' dir='ltr'><strong>Extremas</strong></span> <span class='ocrx_word' id='word_1_31' title='bbox 518 643 674 722; x_wconf 84' lang='lat' dir='ltr'><strong>particulas</strong></span> <span class='ocrx_word' id='word_1_32' title='bbox 690 640 761 698; x_wconf 82' lang='lat' dir='ltr'><strong>duas</strong></span> <span class='ocrx_word' id='word_1_33' title='bbox 774 659 811 698; x_wconf 86' lang='lat' dir='ltr'><strong>ex</strong></span> <span class='ocrx_word' id='word_1_34' title='bbox 828 639 1001 716; x_wconf 65' lang='lat' dir='ltr'><strong>anthologia</strong></span> <span class='ocrx_word' id='word_1_35' title='bbox 1020 637 1076 695; x_wconf 87' lang='lat' dir='ltr'><strong>lntc</strong></span> <span class='ocrx_word' id='word_1_36' title='bbox 1123 633 1225 691; x_wconf 86' lang='lat' dir='ltr'><strong>ausim.</strong></span> 
     </span>
    </p>
   </div>
   <div class='ocr_carea' id='block_1_4' title="bbox 308 830 2000 3178">
    <p class='ocr_par' dir='ltr' id='par_1_4' title="bbox 308 830 2000 3178">
     <span class='ocr_line' id='line_1_5' title="bbox 358 830 1919 929; baseline -0.006 -21"><span class='ocrx_word' id='word_1_37' title='bbox 358 841 442 910; x_wconf 85' lang='lat' dir='ltr'><strong>Haec</strong></span> <span class='ocrx_word' id='word_1_38' title='bbox 458 837 631 908; x_wconf 88' lang='lat' dir='ltr'><strong>haetenus</strong></span> <span class='ocrx_word' id='word_1_39' title='bbox 647 833 693 905; x_wconf 92' lang='lat' dir='ltr'><strong>de</strong></span> <span class='ocrx_word' id='word_1_40' title='bbox 713 848 789 904; x_wconf 89' lang='lat' dir='ltr'><strong>arte</strong></span> <span class='ocrx_word' id='word_1_41' title='bbox 804 833 950 920; x_wconf 86' lang='lat' dir='ltr'><strong>critica,</strong></span> <span class='ocrx_word' id='word_1_42' title='bbox 975 857 1083 929; x_wconf 90' lang='lat' dir='ltr'><strong>quam</strong></span> <span class='ocrx_word' id='word_1_43' title='bbox 1104 833 1271 903; x_wconf 74' lang='lat' dir='ltr'><strong>factitavi.</strong></span> <span class='ocrx_word' id='word_1_44' title='bbox 1304 831 1462 903; x_wconf 85' lang='lat' dir='ltr'><strong>Alterum</strong></span> <span class='ocrx_word' id='word_1_45' title='bbox 1481 831 1632 902; x_wconf 79' lang='lat' dir='ltr'><strong>editoris</strong></span> <span class='ocrx_word' id='word_1_46' title='bbox 1645 830 1819 900; x_wconf 86' lang='lat' dir='ltr'><strong>officium</strong></span> <span class='ocrx_word' id='word_1_47' title='bbox 1842 857 1919 926; x_wconf 86' lang='lat' dir='ltr'><strong>pn-</strong></span> 
     </span>
     <span class='ocr_line' id='line_1_6' title="bbox 310 961 2000 1062; baseline -0.005 -23"><span class='ocrx_word' id='word_1_48' title='bbox 310 970 417 1040; x_wconf 89' lang='lat' dir='ltr'><strong>situm</strong></span> <span class='ocrx_word' id='word_1_49' title='bbox 436 967 501 1039; x_wconf 90' lang='lat' dir='ltr'><strong>fuit</strong></span> <span class='ocrx_word' id='word_1_50' title='bbox 518 968 555 1036; x_wconf 93' lang='lat' dir='ltr'><strong>in</strong></span> <span class='ocrx_word' id='word_1_51' title='bbox 574 964 871 1062; x_wconf 79' lang='lat' dir='ltr'><strong>interpretatione</strong></span> <span class='ocrx_word' id='word_1_52' title='bbox 891 964 1027 1034; x_wconf 90' lang='lat' dir='ltr'><strong>Latina.</strong></span> <span class='ocrx_word' id='word_1_53' title='bbox 1051 965 1301 1060; x_wconf 80' lang='lat' dir='ltr'><strong>interpretatio</strong></span> <span class='ocrx_word' id='word_1_54' title='bbox 1320 979 1454 1048; x_wconf 89' lang='lat' dir='ltr'><strong>antem,</strong></span> <span class='ocrx_word' id='word_1_55' title='bbox 1470 987 1580 1061; x_wconf 86' lang='lat' dir='ltr'><strong>quam</strong></span> <span class='ocrx_word' id='word_1_56' title='bbox 1599 961 1705 1050; x_wconf 92' lang='lat' dir='ltr'><strong>dedi,</strong></span> <span class='ocrx_word' id='word_1_57' title='bbox 1730 987 1815 1032; x_wconf 88' lang='lat' dir='ltr'><strong>nou</strong></span> <span class='ocrx_word' id='word_1_58' title='bbox 1851 964 1919 1032; x_wconf 83' lang='lat' dir='ltr'><strong>illa</strong></span> <span class='ocrx_word' id='word_1_59' title='bbox 1998 963 2000 1044; x_wconf 72' lang='lat'><em>}</em></span> 
     </span>
     <span class='ocr_line' id='line_1_7' title="bbox 310 1093 1916 1197; baseline -0.006 -27"><span class='ocrx_word' id='word_1_60' title='bbox 310 1099 457 1197; x_wconf 89' lang='lat' dir='ltr'><strong>quidem</strong></span> <span class='ocrx_word' id='word_1_61' title='bbox 474 1123 621 1195; x_wconf 89' lang='lat' dir='ltr'><strong>prorsus</strong></span> <span class='ocrx_word' id='word_1_62' title='bbox 634 1111 688 1167; x_wconf 88' lang='lat' dir='ltr'><strong>est</strong></span> <span class='ocrx_word' id='word_1_63' title='bbox 707 1119 823 1184; x_wconf 89' lang='lat' dir='ltr'><strong>nova,</strong></span> <span class='ocrx_word' id='word_1_64' title='bbox 838 1095 901 1166; x_wconf 90' lang='lat' dir='ltr'><strong>sed</strong></span> <span class='ocrx_word' id='word_1_65' title='bbox 920 1095 1041 1166; x_wconf 89' lang='lat' dir='ltr'><strong>multis</strong></span> <span class='ocrx_word' id='word_1_66' title='bbox 1058 1097 1093 1166; x_wconf 92' lang='lat' dir='ltr'><strong>in</strong></span> <span class='ocrx_word' id='word_1_67' title='bbox 1117 1095 1207 1166; x_wconf 87' lang='lat' dir='ltr'><strong>locis</strong></span> <span class='ocrx_word' id='word_1_68' title='bbox 1217 1096 1267 1166; x_wconf 90' lang='lat' dir='ltr'><strong>ita</strong></span> <span class='ocrx_word' id='word_1_69' title='bbox 1282 1094 1421 1182; x_wconf 89' lang='lat' dir='ltr'><strong>relicta,</strong></span> <span class='ocrx_word' id='word_1_70' title='bbox 1440 1109 1481 1165; x_wconf 90' lang='lat' dir='ltr'><strong>nt</strong></span> <span class='ocrx_word' id='word_1_71' title='bbox 1496 1095 1609 1191; x_wconf 90' lang='lat' dir='ltr'><strong>possit</strong></span> <span class='ocrx_word' id='word_1_72' title='bbox 1621 1093 1916 1190; x_wconf 83' lang='lat' dir='ltr'><strong>propemodum</strong></span> 
     </span>
     <span class='ocr_line' id='line_1_8' title="bbox 310 1227 1915 1326; baseline -0.002 -26"><span class='ocrx_word' id='word_1_73' title='bbox 310 1255 404 1301; x_wconf 89' lang='lat' dir='ltr'><strong>nova</strong></span> <span class='ocrx_word' id='word_1_74' title='bbox 421 1229 558 1301; x_wconf 90' lang='lat' dir='ltr'><strong>haberi.</strong></span> <span class='ocrx_word' id='word_1_75' title='bbox 584 1233 674 1300; x_wconf 92' lang='lat' dir='ltr'><strong>Nam</strong></span> <span class='ocrx_word' id='word_1_76' title='bbox 688 1241 870 1325; x_wconf 83' lang='lat' dir='ltr'><strong>praeeunte</strong></span> <span class='ocrx_word' id='word_1_77' title='bbox 892 1227 1126 1326; x_wconf 82' lang='lat' dir='ltr'><strong>Kiesslr&#39;ngio,</strong></span> <span class='ocrx_word' id='word_1_78' title='bbox 1153 1227 1219 1324; x_wconf 92' lang='lat' dir='ltr'><strong>qui</strong></span> <span class='ocrx_word' id='word_1_79' title='bbox 1241 1229 1315 1322; x_wconf 87' lang='lat' dir='ltr'><strong>jam</strong></span> <span class='ocrx_word' id='word_1_80' title='bbox 1343 1228 1479 1324; x_wconf 85' lang='lat' dir='ltr'><strong>egregie</strong></span> <span class='ocrx_word' id='word_1_81' title='bbox 1504 1241 1665 1297; x_wconf 87' lang='lat' dir='ltr'><strong>versatus</strong></span> <span class='ocrx_word' id='word_1_82' title='bbox 1685 1241 1738 1298; x_wconf 90' lang='lat' dir='ltr'><strong>est</strong></span> <span class='ocrx_word' id='word_1_83' title='bbox 1754 1227 1794 1296; x_wconf 93' lang='lat' dir='ltr'><strong>in</strong></span> <span class='ocrx_word' id='word_1_84' title='bbox 1822 1227 1915 1297; x_wconf 90' lang='lat' dir='ltr'><strong>vul-</strong></span> 
     </span>
     <span class='ocr_line' id='line_1_9' title="bbox 308 1358 1913 1457; baseline -0.004 -25"><span class='ocrx_word' id='word_1_85' title='bbox 308 1377 387 1457; x_wconf 88' lang='lat' dir='ltr'><strong>gata</strong></span> <span class='ocrx_word' id='word_1_86' title='bbox 408 1362 575 1432; x_wconf 81' lang='lat' dir='ltr'><strong>versione</strong></span> <span class='ocrx_word' id='word_1_87' title='bbox 592 1360 791 1457; x_wconf 90' lang='lat' dir='ltr'><strong>prudenter</strong></span> <span class='ocrx_word' id='word_1_88' title='bbox 809 1359 1032 1454; x_wconf 88' lang='lat' dir='ltr'><strong>castiganda,</strong></span> <span class='ocrx_word' id='word_1_89' title='bbox 1050 1384 1115 1456; x_wconf 93' lang='lat' dir='ltr'><strong>ego</strong></span> <span class='ocrx_word' id='word_1_90' title='bbox 1132 1361 1170 1431; x_wconf 93' lang='lat' dir='ltr'><strong>in</strong></span> <span class='ocrx_word' id='word_1_91' title='bbox 1190 1385 1233 1431; x_wconf 90' lang='lat' dir='ltr'><strong>eo</strong></span> <span class='ocrx_word' id='word_1_92' title='bbox 1251 1360 1484 1456; x_wconf 89' lang='lat' dir='ltr'><strong>potissimum</strong></span> <span class='ocrx_word' id='word_1_93' title='bbox 1503 1358 1707 1446; x_wconf 86' lang='lat' dir='ltr'><strong>elaboravi,</strong></span> <span class='ocrx_word' id='word_1_94' title='bbox 1732 1359 1913 1454; x_wconf 83' lang='lat' dir='ltr'><strong>primunr</strong></span> 
     </span>
     <span class='ocr_line' id='line_1_10' title="bbox 311 1489 1911 1588; baseline -0.002 -25"><span class='ocrx_word' id='word_1_95' title='bbox 311 1508 352 1563; x_wconf 89' lang='lat' dir='ltr'><strong>nt</strong></span> <span class='ocrx_word' id='word_1_96' title='bbox 371 1517 454 1563; x_wconf 88' lang='lat' dir='ltr'><strong>vera</strong></span> <span class='ocrx_word' id='word_1_97' title='bbox 480 1507 571 1564; x_wconf 90' lang='lat' dir='ltr'><strong>esset</strong></span> <span class='ocrx_word' id='word_1_98' title='bbox 590 1493 860 1588; x_wconf 88' lang='lat' dir='ltr'><strong>interpretatio,</strong></span> <span class='ocrx_word' id='word_1_99' title='bbox 896 1516 1015 1588; x_wconf 93' lang='lat' dir='ltr'><strong>neque.</strong></span> <span class='ocrx_word' id='word_1_100' title='bbox 1039 1491 1138 1564; x_wconf 86' lang='lat' dir='ltr'><strong>aliud</strong></span> <span class='ocrx_word' id='word_1_101' title='bbox 1166 1490 1399 1588; x_wconf 89' lang='lat' dir='ltr'><strong>eloqueretur</strong></span> <span class='ocrx_word' id='word_1_102' title='bbox 1420 1505 1530 1586; x_wconf 89' lang='lat' dir='ltr'><strong>atque</strong></span> <span class='ocrx_word' id='word_1_103' title='bbox 1561 1489 1721 1562; x_wconf 88' lang='lat' dir='ltr'><strong>bucolici</strong></span> <span class='ocrx_word' id='word_1_104' title='bbox 1751 1492 1911 1576; x_wconf 77' lang='lat' dir='ltr'><strong>Graeci,</strong></span> 
     </span>
     <span class='ocr_line' id='line_1_11' title="bbox 308 1622 1995 1721; baseline -0.001 -26"><span class='ocrx_word' id='word_1_105' title='bbox 308 1624 439 1696; x_wconf 88' lang='lat' dir='ltr'><strong>deinde</strong></span> <span class='ocrx_word' id='word_1_106' title='bbox 453 1640 493 1694; x_wconf 93' lang='lat' dir='ltr'><strong>nt</strong></span> <span class='ocrx_word' id='word_1_107' title='bbox 510 1639 701 1721; x_wconf 90' lang='lat' dir='ltr'><strong>poetarum</strong></span> <span class='ocrx_word' id='word_1_108' title='bbox 721 1624 939 1694; x_wconf 88' lang='lat' dir='ltr'><strong>sententiam</strong></span> <span class='ocrx_word' id='word_1_109' title='bbox 962 1649 1036 1694; x_wconf 95' lang='lat' dir='ltr'><strong>non</strong></span> <span class='ocrx_word' id='word_1_110' title='bbox 1059 1624 1225 1694; x_wconf 88' lang='lat' dir='ltr'><strong>universe</strong></span> <span class='ocrx_word' id='word_1_111' title='bbox 1241 1623 1305 1695; x_wconf 88' lang='lat' dir='ltr'><strong>sed</strong></span> <span class='ocrx_word' id='word_1_112' title='bbox 1325 1622 1507 1719; x_wconf 83' lang='lat' dir='ltr'><strong>sigillatim</strong></span> <span class='ocrx_word' id='word_1_113' title='bbox 1525 1637 1561 1693; x_wconf 93' lang='lat' dir='ltr'><strong>et</strong></span> <span class='ocrx_word' id='word_1_114' title='bbox 1580 1638 1749 1694; x_wconf 88' lang='lat' dir='ltr'><strong>accurate</strong></span> <span class='ocrx_word' id='word_1_115' title='bbox 1765 1623 1911 1694; x_wconf 90' lang='lat' dir='ltr'><strong>redde·</strong></span> <span class='ocrx_word' id='word_1_116' title='bbox 1992 1656 1995 1663; x_wconf 96' lang='lat'>·</span> 
     </span>
     <span class='ocr_line' id='line_1_12' title="bbox 309 1754 1909 1851; baseline 0.001 -26"><span class='ocrx_word' id='word_1_117' title='bbox 309 1771 375 1826; x_wconf 90' lang='lat' dir='ltr'><strong>ret.</strong></span> <span class='ocrx_word' id='word_1_118' title='bbox 404 1756 516 1851; x_wconf 90' lang='lat' dir='ltr'><strong>Cujus</strong></span> <span class='ocrx_word' id='word_1_119' title='bbox 536 1754 654 1826; x_wconf 91' lang='lat' dir='ltr'><strong>laudis</strong></span> <span class='ocrx_word' id='word_1_120' title='bbox 682 1779 725 1825; x_wconf 92' lang='lat' dir='ltr'><strong>ac</strong></span> <span class='ocrx_word' id='word_1_121' title='bbox 748 1756 888 1826; x_wconf 92' lang='lat' dir='ltr'><strong>virtutis</strong></span> <span class='ocrx_word' id='word_1_122' title='bbox 916 1755 1100 1827; x_wconf 89' lang='lat' dir='ltr'><strong>studiosus</strong></span> <span class='ocrx_word' id='word_1_123' title='bbox 1126 1780 1201 1826; x_wconf 91' lang='lat' dir='ltr'><strong>non</strong></span> <span class='ocrx_word' id='word_1_124' title='bbox 1228 1756 1332 1840; x_wconf 80' lang='lat' dir='ltr'><strong>anxie</strong></span> <span class='ocrx_word' id='word_1_125' title='bbox 1362 1756 1471 1826; x_wconf 82' lang='lat' dir='ltr'><strong>vitavi</strong></span> <span class='ocrx_word' id='word_1_126' title='bbox 1497 1755 1675 1828; x_wconf 86' lang='lat' dir='ltr'><strong>vocabula</strong></span> <span class='ocrx_word' id='word_1_127' title='bbox 1698 1771 1909 1850; x_wconf 75' lang='lat' dir='ltr'><strong>argenteas,</strong></span> 
     </span>
     <span class='ocr_line' id='line_1_13' title="bbox 309 1887 1909 1985; baseline -0.001 -27"><span class='ocrx_word' id='word_1_128' title='bbox 309 1912 390 1985; x_wconf 83' lang='lat' dir='ltr'><strong>quae</strong></span> <span class='ocrx_word' id='word_1_129' title='bbox 406 1887 552 1975; x_wconf 91' lang='lat' dir='ltr'><strong>dicitur,</strong></span> <span class='ocrx_word' id='word_1_130' title='bbox 571 1888 703 1976; x_wconf 78' lang='lat' dir='ltr'><strong>aetatis3</strong></span> <span class='ocrx_word' id='word_1_131' title='bbox 719 1911 798 1985; x_wconf 85' lang='lat' dir='ltr'><strong>quae</strong></span> <span class='ocrx_word' id='word_1_132' title='bbox 816 1889 881 1984; x_wconf 93' lang='lat' dir='ltr'><strong>qni</strong></span> <span class='ocrx_word' id='word_1_133' title='bbox 899 1887 1046 1958; x_wconf 93' lang='lat' dir='ltr'><strong>vitanda</strong></span> <span class='ocrx_word' id='word_1_134' title='bbox 1069 1912 1144 1958; x_wconf 89' lang='lat' dir='ltr'><strong>esse</strong></span> <span class='ocrx_word' id='word_1_135' title='bbox 1160 1887 1292 1959; x_wconf 89' lang='lat' dir='ltr'><strong>dicunt</strong></span> <span class='ocrx_word' id='word_1_136' title='bbox 1306 1891 1517 1959; x_wconf 89' lang='lat' dir='ltr'><strong>Graecornm</strong></span> <span class='ocrx_word' id='word_1_137' title='bbox 1531 1903 1655 1984; x_wconf 90' lang='lat' dir='ltr'><strong>poetas</strong></span> <span class='ocrx_word' id='word_1_138' title='bbox 1669 1888 1707 1958; x_wconf 91' lang='lat' dir='ltr'><strong>iu</strong></span> <span class='ocrx_word' id='word_1_139' title='bbox 1725 1889 1909 1958; x_wconf 85' lang='lat' dir='ltr'><strong>latinum</strong></span> 
     </span>
     <span class='ocr_line' id='line_1_14' title="bbox 309 2018 1909 2114; baseline 0.001 -24"><span class='ocrx_word' id='word_1_140' title='bbox 309 2043 516 2090; x_wconf 91' lang='lat' dir='ltr'><strong>sermonem</strong></span> <span class='ocrx_word' id='word_1_141' title='bbox 541 2018 863 2106; x_wconf 85' lang='lat' dir='ltr'><strong>convertentibus,</strong></span> <span class='ocrx_word' id='word_1_142' title='bbox 894 2043 949 2089; x_wconf 86' lang='lat' dir='ltr'><strong>nae</strong></span> <span class='ocrx_word' id='word_1_143' title='bbox 968 2019 1021 2090; x_wconf 91' lang='lat' dir='ltr'><strong>illi</strong></span> <span class='ocrx_word' id='word_1_144' title='bbox 1049 2035 1135 2090; x_wconf 88' lang='lat' dir='ltr'><strong>sunt</strong></span> <span class='ocrx_word' id='word_1_145' title='bbox 1154 2020 1263 2092; x_wconf 91' lang='lat' dir='ltr'><strong>nimis</strong></span> <span class='ocrx_word' id='word_1_146' title='bbox 1289 2021 1404 2091; x_wconf 87' lang='lat' dir='ltr'><strong>severi</strong></span> <span class='ocrx_word' id='word_1_147' title='bbox 1429 2035 1465 2090; x_wconf 91' lang='lat' dir='ltr'><strong>et</strong></span> <span class='ocrx_word' id='word_1_148' title='bbox 1492 2019 1653 2091; x_wconf 87' lang='lat' dir='ltr'><strong>molestis</strong></span> <span class='ocrx_word' id='word_1_149' title='bbox 1682 2019 1909 2114; x_wconf 88' lang='lat' dir='ltr'><strong>ambagibus</strong></span> 
     </span>
     <span class='ocr_line' id='line_1_15' title="bbox 309 2150 1908 2250; baseline 0 -29"><span class='ocrx_word' id='word_1_150' title='bbox 309 2153 420 2246; x_wconf 88' lang='lat' dir='ltr'><strong>magis</strong></span> <span class='ocrx_word' id='word_1_151' title='bbox 439 2151 608 2223; x_wconf 91' lang='lat' dir='ltr'><strong>delectari</strong></span> <span class='ocrx_word' id='word_1_152' title='bbox 630 2166 809 2246; x_wconf 91' lang='lat' dir='ltr'><strong>coguntur</strong></span> <span class='ocrx_word' id='word_1_153' title='bbox 823 2176 932 2247; x_wconf 89' lang='lat' dir='ltr'><strong>quam</strong></span> <span class='ocrx_word' id='word_1_154' title='bbox 951 2151 1179 2222; x_wconf 90' lang='lat' dir='ltr'><strong>considerata</strong></span> <span class='ocrx_word' id='word_1_155' title='bbox 1195 2152 1436 2250; x_wconf 85' lang='lat' dir='ltr'><strong>simplicitate.</strong></span> <span class='ocrx_word' id='word_1_156' title='bbox 1453 2155 1581 2248; x_wconf 83' lang='lat' dir='ltr'><strong>Neque</strong></span> <span class='ocrx_word' id='word_1_157' title='bbox 1598 2152 1737 2249; x_wconf 89' lang='lat' dir='ltr'><strong>captavi</strong></span> <span class='ocrx_word' id='word_1_158' title='bbox 1752 2150 1908 2246; x_wconf 86' lang='lat' dir='ltr'><strong>elegan-</strong></span> 
     </span>
     <span class='ocr_line' id='line_1_16' title="bbox 310 2259 1904 2383; baseline -0.001 -27"><span class='ocrx_word' id='word_1_159' title='bbox 310 2259 393 2356; x_wconf 83' lang='lat' dir='ltr'><strong>tiam</strong></span> <span class='ocrx_word' id='word_1_160' title='bbox 413 2285 597 2381; x_wconf 89' lang='lat' dir='ltr'><strong>quandam</strong></span> <span class='ocrx_word' id='word_1_161' title='bbox 615 2285 848 2381; x_wconf 85' lang='lat' dir='ltr'><strong>exquisitam,</strong></span> <span class='ocrx_word' id='word_1_162' title='bbox 871 2283 935 2356; x_wconf 92' lang='lat' dir='ltr'><strong>sed</strong></span> <span class='ocrx_word' id='word_1_163' title='bbox 956 2309 1096 2355; x_wconf 91' lang='lat' dir='ltr'><strong>memor</strong></span> <span class='ocrx_word' id='word_1_164' title='bbox 1116 2286 1295 2383; x_wconf 94' lang='lat' dir='ltr'><strong>propositi</strong></span> <span class='ocrx_word' id='word_1_165' title='bbox 1319 2288 1390 2357; x_wconf 93' lang='lat' dir='ltr'><strong>mei</strong></span> <span class='ocrx_word' id='word_1_166' title='bbox 1421 2287 1679 2383; x_wconf 88' lang='lat' dir='ltr'><strong>interpretatus</strong></span> <span class='ocrx_word' id='word_1_167' title='bbox 1708 2310 1788 2356; x_wconf 89' lang='lat' dir='ltr'><strong>sum</strong></span> <span class='ocrx_word' id='word_1_168' title='bbox 1816 2311 1904 2358; x_wconf 93' lang='lat' dir='ltr'><strong>ver-</strong></span> 
     </span>
     <span class='ocr_line' id='line_1_17' title="bbox 310 2395 1906 2514; baseline -0.001 -25"><span class='ocrx_word' id='word_1_169' title='bbox 310 2417 398 2489; x_wconf 94' lang='lat' dir='ltr'><strong>bum</strong></span> <span class='ocrx_word' id='word_1_170' title='bbox 417 2417 463 2488; x_wconf 91' lang='lat' dir='ltr'><strong>de</strong></span> <span class='ocrx_word' id='word_1_171' title='bbox 485 2417 619 2505; x_wconf 92' lang='lat' dir='ltr'><strong>verbo,</strong></span> <span class='ocrx_word' id='word_1_172' title='bbox 645 2418 716 2489; x_wconf 91' lang='lat' dir='ltr'><strong>nisi</strong></span> <span class='ocrx_word' id='word_1_173' title='bbox 736 2416 841 2488; x_wconf 92' lang='lat' dir='ltr'><strong>aliam</strong></span> <span class='ocrx_word' id='word_1_174' title='bbox 864 2416 1058 2488; x_wconf 92' lang='lat' dir='ltr'><strong>verborum</strong></span> <span class='ocrx_word' id='word_1_175' title='bbox 1076 2395 1354 2489; x_wconf 88' lang='lat' dir='ltr'><strong>collocationem</strong></span> <span class='ocrx_word' id='word_1_176' title='bbox 1376 2418 1535 2514; x_wconf 84' lang='lat' dir='ltr'><strong>flagitare</strong></span> <span class='ocrx_word' id='word_1_177' title='bbox 1551 2417 1743 2490; x_wconf 90' lang='lat' dir='ltr'><strong>videbatur</strong></span> <span class='ocrx_word' id='word_1_178' title='bbox 1757 2421 1906 2514; x_wconf 87' lang='lat' dir='ltr'><strong>perspi-</strong></span> 
     </span>
     <span class='ocr_line' id='line_1_18' title="bbox 310 2549 1906 2649; baseline 0 -27"><span class='ocrx_word' id='word_1_179' title='bbox 310 2551 432 2622; x_wconf 91' lang='lat' dir='ltr'><strong>cuitas.</strong></span> <span class='ocrx_word' id='word_1_180' title='bbox 453 2553 527 2622; x_wconf 88' lang='lat' dir='ltr'><strong>Hac</strong></span> <span class='ocrx_word' id='word_1_181' title='bbox 543 2551 649 2645; x_wconf 88' lang='lat' dir='ltr'><strong>igitur</strong></span> <span class='ocrx_word' id='word_1_182' title='bbox 671 2550 811 2620; x_wconf 89' lang='lat' dir='ltr'><strong>ratione</strong></span> <span class='ocrx_word' id='word_1_183' title='bbox 830 2549 988 2620; x_wconf 79' lang='lat' dir='ltr'><strong>effecisse</strong></span> <span class='ocrx_word' id='word_1_184' title='bbox 1006 2575 1063 2621; x_wconf 88' lang='lat' dir='ltr'><strong>me</strong></span> <span class='ocrx_word' id='word_1_185' title='bbox 1083 2566 1194 2648; x_wconf 91' lang='lat' dir='ltr'><strong>puto,</strong></span> <span class='ocrx_word' id='word_1_186' title='bbox 1214 2568 1254 2623; x_wconf 92' lang='lat' dir='ltr'><strong>ut</strong></span> <span class='ocrx_word' id='word_1_187' title='bbox 1270 2553 1394 2623; x_wconf 87' lang='lat' dir='ltr'><strong>Latina</strong></span> <span class='ocrx_word' id='word_1_188' title='bbox 1408 2550 1548 2649; x_wconf 90' lang='lat' dir='ltr'><strong>ubique</strong></span> <span class='ocrx_word' id='word_1_189' title='bbox 1564 2565 1638 2622; x_wconf 92' lang='lat' dir='ltr'><strong>tam</strong></span> <span class='ocrx_word' id='word_1_190' title='bbox 1652 2549 1773 2621; x_wconf 89' lang='lat' dir='ltr'><strong>verbis</strong></span> <span class='ocrx_word' id='word_1_191' title='bbox 1783 2575 1906 2646; x_wconf 89' lang='lat' dir='ltr'><strong>quam</strong></span> 
     </span>
     <span class='ocr_line' id='line_1_19' title="bbox 309 2681 1907 2780; baseline -0.001 -26"><span class='ocrx_word' id='word_1_192' title='bbox 309 2684 485 2754; x_wconf 90' lang='lat' dir='ltr'><strong>sententia</strong></span> <span class='ocrx_word' id='word_1_193' title='bbox 504 2707 588 2753; x_wconf 90' lang='lat' dir='ltr'><strong>cum</strong></span> <span class='ocrx_word' id='word_1_194' title='bbox 607 2681 742 2752; x_wconf 85' lang='lat' dir='ltr'><strong>Graecis</strong></span> <span class='ocrx_word' id='word_1_195' title='bbox 765 2682 880 2752; x_wconf 90' lang='lat' dir='ltr'><strong>amice</strong></span> <span class='ocrx_word' id='word_1_196' title='bbox 899 2683 1131 2754; x_wconf 88' lang='lat' dir='ltr'><strong>conveniant.</strong></span> <span class='ocrx_word' id='word_1_197' title='bbox 1154 2687 1246 2755; x_wconf 89' lang='lat' dir='ltr'><strong>Sane</strong></span> <span class='ocrx_word' id='word_1_198' title='bbox 1266 2685 1417 2780; x_wconf 86' lang='lat' dir='ltr'><strong>quidem</strong></span> <span class='ocrx_word' id='word_1_199' title='bbox 1435 2709 1563 2756; x_wconf 90' lang='lat' dir='ltr'><strong>sensus</strong></span> <span class='ocrx_word' id='word_1_200' title='bbox 1577 2682 1826 2779; x_wconf 87' lang='lat' dir='ltr'><strong>complurium</strong></span> <span class='ocrx_word' id='word_1_201' title='bbox 1847 2683 1907 2753; x_wconf 88' lang='lat' dir='ltr'><strong>lo-</strong></span> 
     </span>
     <span class='ocr_line' id='line_1_20' title="bbox 309 2813 1999 2909; baseline 0.001 -22"><span class='ocrx_word' id='word_1_202' title='bbox 309 2842 437 2888; x_wconf 89' lang='lat' dir='ltr'><strong>corum</strong></span> <span class='ocrx_word' id='word_1_203' title='bbox 469 2816 627 2887; x_wconf 88' lang='lat' dir='ltr'><strong>incertus</strong></span> <span class='ocrx_word' id='word_1_204' title='bbox 653 2828 706 2884; x_wconf 92' lang='lat' dir='ltr'><strong>est</strong></span> <span class='ocrx_word' id='word_1_205' title='bbox 730 2829 839 2909; x_wconf 90' lang='lat' dir='ltr'><strong>atque</strong></span> <span class='ocrx_word' id='word_1_206' title='bbox 862 2813 1078 2908; x_wconf 87' lang='lat' dir='ltr'><strong>ambiguus,</strong></span> <span class='ocrx_word' id='word_1_207' title='bbox 1099 2816 1162 2887; x_wconf 92' lang='lat' dir='ltr'><strong>sed</strong></span> <span class='ocrx_word' id='word_1_208' title='bbox 1186 2841 1243 2887; x_wconf 88' lang='lat' dir='ltr'><strong>me</strong></span> <span class='ocrx_word' id='word_1_209' title='bbox 1262 2817 1308 2888; x_wconf 93' lang='lat' dir='ltr'><strong>ab</strong></span> <span class='ocrx_word' id='word_1_210' title='bbox 1324 2817 1403 2888; x_wconf 93' lang='lat' dir='ltr'><strong>aliis</strong></span> <span class='ocrx_word' id='word_1_211' title='bbox 1425 2843 1501 2888; x_wconf 92' lang='lat' dir='ltr'><strong>non</strong></span> <span class='ocrx_word' id='word_1_212' title='bbox 1521 2832 1658 2888; x_wconf 89' lang='lat' dir='ltr'><strong>temere</strong></span> <span class='ocrx_word' id='word_1_213' title='bbox 1686 2815 1907 2888; x_wconf 88' lang='lat' dir='ltr'><strong>dissensisse</strong></span> <span class='ocrx_word' id='word_1_214' title='bbox 1998 2869 1999 2874; x_wconf 18' lang='grc' dir='ltr'>η</span> 
     </span>
     <span class='ocr_line' id='line_1_21' title="bbox 309 2935 1999 3047; baseline 0 -28"><span class='ocrx_word' id='word_1_215' title='bbox 309 2947 497 3045; x_wconf 86' lang='lat' dir='ltr'><strong>apparebit</strong></span> <span class='ocrx_word' id='word_1_216' title='bbox 521 2973 563 3018; x_wconf 90' lang='lat' dir='ltr'><strong>ex</strong></span> <span class='ocrx_word' id='word_1_217' title='bbox 590 2935 826 3017; x_wconf 86' lang='lat' dir='ltr'><strong>adnotatione</strong></span> <span class='ocrx_word' id='word_1_218' title='bbox 853 2972 961 3043; x_wconf 88' lang='lat' dir='ltr'><strong>supra</strong></span> <span class='ocrx_word' id='word_1_219' title='bbox 992 2947 1146 3042; x_wconf 89' lang='lat' dir='ltr'><strong>adjecta,</strong></span> <span class='ocrx_word' id='word_1_220' title='bbox 1179 2950 1217 3019; x_wconf 96' lang='lat' dir='ltr'><strong>in</strong></span> <span class='ocrx_word' id='word_1_221' title='bbox 1237 2973 1310 3046; x_wconf 90' lang='lat' dir='ltr'><strong>qua</strong></span> <span class='ocrx_word' id='word_1_222' title='bbox 1337 2949 1503 3046; x_wconf 81' lang='lat' dir='ltr'><strong>quaedam</strong></span> <span class='ocrx_word' id='word_1_223' title='bbox 1529 2963 1692 3047; x_wconf 88' lang='lat' dir='ltr'><strong>spectant</strong></span> <span class='ocrx_word' id='word_1_224' title='bbox 1716 2946 1903 3019; x_wconf 80' lang='lat' dir='ltr'><strong>adsolant</strong></span> <span class='ocrx_word' id='word_1_225' title='bbox 1998 2955 1999 2966; x_wconf 75' lang='grc'>’</span> 
     </span>
     <span class='ocr_line' id='line_1_22' title="bbox 310 3077 1905 3178; baseline 0.001 -27"><span class='ocrx_word' id='word_1_226' title='bbox 310 3080 655 3176; x_wconf 90' lang='lat' dir='ltr'><strong>interpretationem.</strong></span> <span class='ocrx_word' id='word_1_227' title='bbox 675 3078 778 3150; x_wconf 92' lang='lat' dir='ltr'><strong>Volui</strong></span> <span class='ocrx_word' id='word_1_228' title='bbox 792 3080 891 3150; x_wconf 89' lang='lat' dir='ltr'><strong>enirn</strong></span> <span class='ocrx_word' id='word_1_229' title='bbox 908 3077 1045 3176; x_wconf 90' lang='lat' dir='ltr'><strong>ubique</strong></span> <span class='ocrx_word' id='word_1_230' title='bbox 1064 3096 1245 3152; x_wconf 89' lang='lat' dir='ltr'><strong>remotum</strong></span> <span class='ocrx_word' id='word_1_231' title='bbox 1266 3105 1324 3152; x_wconf 92' lang='lat' dir='ltr'><strong>me</strong></span> <span class='ocrx_word' id='word_1_232' title='bbox 1341 3106 1418 3153; x_wconf 89' lang='lat' dir='ltr'><strong>esse</strong></span> <span class='ocrx_word' id='word_1_233' title='bbox 1432 3097 1612 3178; x_wconf 90' lang='lat' dir='ltr'><strong>quantum</strong></span> <span class='ocrx_word' id='word_1_234' title='bbox 1630 3082 1676 3153; x_wconf 87' lang='lat' dir='ltr'><strong>ab</strong></span> <span class='ocrx_word' id='word_1_235' title='bbox 1692 3081 1905 3153; x_wconf 86' lang='lat' dir='ltr'><strong>affirmandi</strong></span> 
     </span>
    </p>
   </div>
   <div class='ocr_carea' id='block_1_5' title="bbox 310 3175 2000 3311">
    <p class='ocr_par' dir='ltr' id='par_1_5' title="bbox 310 3175 2000 3311">
     <span class='ocr_line' id='line_1_23' title="bbox 1998 3175 2000 3208; baseline 0 -5"><span class='ocrx_word' id='word_1_236' title='bbox 1998 3175 2000 3208; x_wconf 78' lang='lat' dir='ltr'><strong>l</strong></span> 
     </span>
     <span class='ocr_line' id='line_1_24' title="bbox 310 3211 2000 3311; baseline 0.002 -28"><span class='ocrx_word' id='word_1_237' title='bbox 310 3212 525 3307; x_wconf 88' lang='lat' dir='ltr'><strong>arrogantia,</strong></span> <span class='ocrx_word' id='word_1_238' title='bbox 549 3226 689 3282; x_wconf 90' lang='lat' dir='ltr'><strong>tanturn</strong></span> <span class='ocrx_word' id='word_1_239' title='bbox 720 3237 740 3282; x_wconf 95' lang='lat' dir='ltr'><strong>a</strong></span> <span class='ocrx_word' id='word_1_240' title='bbox 768 3213 968 3282; x_wconf 90' lang='lat' dir='ltr'><strong>temeritate</strong></span> <span class='ocrx_word' id='word_1_241' title='bbox 995 3214 1228 3285; x_wconf 91' lang='lat' dir='ltr'><strong>assentiendi.</strong></span> <span class='ocrx_word' id='word_1_242' title='bbox 1261 3218 1378 3310; x_wconf 85' lang='lat' dir='ltr'><strong>Atque</strong></span> <span class='ocrx_word' id='word_1_243' title='bbox 1403 3214 1584 3284; x_wconf 92' lang='lat' dir='ltr'><strong>inanimo</strong></span> <span class='ocrx_word' id='word_1_244' title='bbox 1616 3239 1697 3284; x_wconf 90' lang='lat' dir='ltr'><strong>meo</strong></span> <span class='ocrx_word' id='word_1_245' title='bbox 1720 3213 1902 3311; x_wconf 88' lang='lat' dir='ltr'><strong>insculpta</strong></span> <span class='ocrx_word' id='word_1_246' title='bbox 1998 3211 2000 3234; x_wconf 77' lang='lat'><strong>¹</strong></span> 
     </span>
    </p>
   </div>
   <div class='ocr_carea' id='block_1_6' title="bbox 310 3340 2000 3972">
    <p class='ocr_par' dir='ltr' id='par_1_6' title="bbox 310 3340 2000 3972">
     <span class='ocr_line' id='line_1_25' title="bbox 310 3340 1904 3444; baseline 0.004 -32"><span class='ocrx_word' id='word_1_247' title='bbox 310 3343 468 3415; x_wconf 77' lang='lat' dir='ltr'><strong>haerebat</strong></span> <span class='ocrx_word' id='word_1_248' title='bbox 487 3345 603 3439; x_wconf 92' lang='lat' dir='ltr'><strong>imago</strong></span> <span class='ocrx_word' id='word_1_249' title='bbox 623 3343 815 3431; x_wconf 81' lang='lat' dir='ltr'><strong>Siebelr‘sr&#39;i‚</strong></span> <span class='ocrx_word' id='word_1_250' title='bbox 839 3344 924 3415; x_wconf 91' lang='lat' dir='ltr'><strong>olim</strong></span> <span class='ocrx_word' id='word_1_251' title='bbox 946 3347 1176 3442; x_wconf 88' lang='lat' dir='ltr'><strong>praeceptoris</strong></span> <span class='ocrx_word' id='word_1_252' title='bbox 1193 3345 1281 3416; x_wconf 91' lang='lat' dir='ltr'><strong>mihi</strong></span> <span class='ocrx_word' id='word_1_253' title='bbox 1297 3346 1549 3434; x_wconf 88' lang='lat' dir='ltr'><strong>dilectissimi,</strong></span> <span class='ocrx_word' id='word_1_254' title='bbox 1565 3348 1631 3444; x_wconf 90' lang='lat' dir='ltr'><strong>qui</strong></span> <span class='ocrx_word' id='word_1_255' title='bbox 1647 3340 1702 3416; x_wconf 87' lang='lat' dir='ltr'><strong>vir</strong></span> <span class='ocrx_word' id='word_1_256' title='bbox 1719 3346 1904 3418; x_wconf 88' lang='lat' dir='ltr'><strong>candidis-</strong></span> 
     </span>
     <span class='ocr_line' id='line_1_26' title="bbox 312 3477 1999 3577; baseline 0 -29"><span class='ocrx_word' id='word_1_257' title='bbox 312 3479 410 3549; x_wconf 72' lang='lat' dir='ltr'><strong>simae</strong></span> <span class='ocrx_word' id='word_1_258' title='bbox 426 3477 552 3547; x_wconf 78' lang='lat' dir='ltr'><strong>animae</strong></span> <span class='ocrx_word' id='word_1_259' title='bbox 569 3481 606 3546; x_wconf 92' lang='lat' dir='ltr'><strong>in</strong></span> <span class='ocrx_word' id='word_1_260' title='bbox 618 3479 767 3547; x_wconf 86' lang='lat' dir='ltr'><strong>Pausan.</strong></span> <span class='ocrx_word' id='word_1_261' title='bbox 783 3477 855 3547; x_wconf 93' lang='lat' dir='ltr'><strong>vol.</strong></span> <span class='ocrx_word' id='word_1_262' title='bbox 869 3481 926 3548; x_wconf 88' lang='lat' dir='ltr'><strong>IV.</strong></span> <span class='ocrx_word' id='word_1_263' title='bbox 945 3503 980 3574; x_wconf 89' lang='lat' dir='ltr'><strong>p.</strong></span> <span class='ocrx_word' id='word_1_264' title='bbox 997 3482 1095 3549; x_wconf 88' lang='lat' dir='ltr'><strong>XXlI</strong></span> <span class='ocrx_word' id='word_1_265' title='bbox 1106 3479 1263 3574; x_wconf 87' lang='lat' dir='ltr'><strong>ingenue</strong></span> <span class='ocrx_word' id='word_1_266' title='bbox 1277 3480 1327 3550; x_wconf 90' lang='lat' dir='ltr'><strong>ita</strong></span> <span class='ocrx_word' id='word_1_267' title='bbox 1341 3481 1483 3577; x_wconf 89' lang='lat' dir='ltr'><strong>scripsit</strong></span> <span class='ocrx_word' id='word_1_268' title='bbox 1501 3507 1509 3549; x_wconf 75' lang='grc' dir='ltr'><strong>ε</strong></span> <span class='ocrx_word' id='word_1_269' title='bbox 1524 3510 1539 3543; x_wconf 76' lang='grc' dir='ltr'>α</span> <span class='ocrx_word' id='word_1_270' title='bbox 1554 3481 1762 3549; x_wconf 87' lang='lat' dir='ltr'><strong>meminisse</strong></span> <span class='ocrx_word' id='word_1_271' title='bbox 1778 3478 1900 3566; x_wconf 89' lang='lat' dir='ltr'><strong>decet,</strong></span> <span class='ocrx_word' id='word_1_272' title='bbox 1998 3545 1999 3548; x_wconf 74' lang='grc'>,</span> 
     </span>
     <span class='ocr_line' id='line_1_27' title="bbox 312 3610 2000 3714; baseline 0.002 -34"><span class='ocrx_word' id='word_1_273' title='bbox 312 3610 477 3682; x_wconf 90' lang='lat' dir='ltr'><strong>homines</strong></span> <span class='ocrx_word' id='word_1_274' title='bbox 497 3634 563 3680; x_wconf 93' lang='lat' dir='ltr'><strong>nos</strong></span> <span class='ocrx_word' id='word_1_275' title='bbox 583 3633 682 3698; x_wconf 87' lang='lat' dir='ltr'><strong>esse,</strong></span> <span class='ocrx_word' id='word_1_276' title='bbox 703 3634 859 3706; x_wconf 89' lang='lat' dir='ltr'><strong>quorum</strong></span> <span class='ocrx_word' id='word_1_277' title='bbox 878 3610 1043 3681; x_wconf 90' lang='lat' dir='ltr'><strong>studium</strong></span> <span class='ocrx_word' id='word_1_278' title='bbox 1056 3612 1131 3682; x_wconf 92' lang='lat' dir='ltr'><strong>veri</strong></span> <span class='ocrx_word' id='word_1_279' title='bbox 1147 3612 1384 3707; x_wconf 91' lang='lat' dir='ltr'><strong>investigandi</strong></span> <span class='ocrx_word' id='word_1_280' title='bbox 1404 3637 1591 3708; x_wconf 87' lang='lat' dir='ltr'><strong>nunquam</strong></span> <span class='ocrx_word' id='word_1_281' title='bbox 1608 3611 1756 3708; x_wconf 91' lang='lat' dir='ltr'><strong>quidem</strong></span> <span class='ocrx_word' id='word_1_282' title='bbox 1774 3611 1901 3684; x_wconf 89' lang='lat' dir='ltr'><strong>labore</strong></span> <span class='ocrx_word' id='word_1_283' title='bbox 1998 3707 2000 3714; x_wconf 11' lang='grc' dir='ltr'><em>γ</em></span> 
     </span>
     <span class='ocr_line' id='line_1_28' title="bbox 312 3739 2000 3841; baseline -0.001 -28"><span class='ocrx_word' id='word_1_284' title='bbox 312 3741 494 3838; x_wconf 90' lang='lat' dir='ltr'><strong>defatigari</strong></span> <span class='ocrx_word' id='word_1_285' title='bbox 510 3739 658 3829; x_wconf 90' lang='lat' dir='ltr'><strong>debeat,</strong></span> <span class='ocrx_word' id='word_1_286' title='bbox 677 3766 769 3839; x_wconf 88' lang='lat' dir='ltr'><strong>saepe</strong></span> <span class='ocrx_word' id='word_1_287' title='bbox 787 3757 906 3812; x_wconf 88' lang='lat' dir='ltr'><strong>tamen</strong></span> <span class='ocrx_word' id='word_1_288' title='bbox 923 3768 943 3813; x_wconf 96' lang='lat' dir='ltr'><strong>a</strong></span> <span class='ocrx_word' id='word_1_289' title='bbox 962 3757 1058 3814; x_wconf 87' lang='lat' dir='ltr'><strong>recta</strong></span> <span class='ocrx_word' id='word_1_290' title='bbox 1077 3743 1132 3813; x_wconf 89' lang='lat' dir='ltr'><strong>via</strong></span> <span class='ocrx_word' id='word_1_291' title='bbox 1150 3742 1261 3814; x_wconf 90' lang='lat' dir='ltr'><strong>soleat</strong></span> <span class='ocrx_word' id='word_1_292' title='bbox 1284 3743 1480 3841; x_wconf 92' lang='lat' dir='ltr'><strong>cupiditate</strong></span> <span class='ocrx_word' id='word_1_293' title='bbox 1496 3742 1640 3814; x_wconf 90' lang='lat' dir='ltr'><strong>abduci.</strong></span> <span class='ocrx_word' id='word_1_294' title='bbox 1654 3747 1774 3828; x_wconf 88' lang='lat' dir='ltr'><strong>Quare</strong></span> <span class='ocrx_word' id='word_1_295' title='bbox 1793 3744 1901 3813; x_wconf 85' lang='lat' dir='ltr'><strong>etiarn</strong></span> <span class='ocrx_word' id='word_1_296' title='bbox 1998 3831 2000 3834; x_wconf 15' lang='grc' dir='ltr'>Ι</span> 
     </span>
     <span class='ocr_line' id='line_1_29' title="bbox 314 3872 1999 3972; baseline 0.001 -28"><span class='ocrx_word' id='word_1_297' title='bbox 314 3874 377 3945; x_wconf 92' lang='lat' dir='ltr'><strong>ubi</strong></span> <span class='ocrx_word' id='word_1_298' title='bbox 396 3873 483 3944; x_wconf 89' lang='lat' dir='ltr'><strong>mibi</strong></span> <span class='ocrx_word' id='word_1_299' title='bbox 504 3875 603 3944; x_wconf 92' lang='lat' dir='ltr'><strong>visus</strong></span> <span class='ocrx_word' id='word_1_300' title='bbox 619 3898 699 3944; x_wconf 90' lang='lat' dir='ltr'><strong>sum</strong></span> <span class='ocrx_word' id='word_1_301' title='bbox 722 3875 874 3945; x_wconf 86' lang='lat' dir='ltr'><strong>certiora</strong></span> <span class='ocrx_word' id='word_1_302' title='bbox 896 3890 1072 3970; x_wconf 92' lang='lat' dir='ltr'><strong>sequutus</strong></span> <span class='ocrx_word' id='word_1_303' title='bbox 1087 3875 1171 3972; x_wconf 89' lang='lat' dir='ltr'><strong>jure</strong></span> <span class='ocrx_word' id='word_1_304' title='bbox 1196 3872 1243 3945; x_wconf 90' lang='lat' dir='ltr'><strong>ab</strong></span> <span class='ocrx_word' id='word_1_305' title='bbox 1262 3874 1338 3945; x_wconf 89' lang='lat' dir='ltr'><strong>aliis</strong></span> <span class='ocrx_word' id='word_1_306' title='bbox 1362 3874 1571 3964; x_wconf 87' lang='lat' dir='ltr'><strong>dissentire,</strong></span> <span class='ocrx_word' id='word_1_307' title='bbox 1601 3873 1802 3945; x_wconf 90' lang='lat' dir='ltr'><strong>cavendnm</strong></span> <span class='ocrx_word' id='word_1_308' title='bbox 1836 3899 1903 3970; x_wconf 89' lang='lat' dir='ltr'><strong>pn-</strong></span> <span class='ocrx_word' id='word_1_309' title='bbox 1995 3872 1999 3935; x_wconf 74' lang='lat'>3</span> 
     </span>
    </p>
   </div>
   <div class='ocr_carea' id='block_1_7' title="bbox 314 4014 1999 4775">
    <p class='ocr_par' dir='ltr' id='par_1_7' title="bbox 315 4014 1553 4112">
     <span class='ocr_line' id='line_1_30' title="bbox 315 4014 1553 4112; baseline -0.001 -27"><span class='ocrx_word' id='word_1_310' title='bbox 315 4015 402 4102; x_wconf 89' lang='lat' dir='ltr'><strong>tavi,</strong></span> <span class='ocrx_word' id='word_1_311' title='bbox 425 4030 521 4086; x_wconf 88' lang='lat' dir='ltr'><strong>certe</strong></span> <span class='ocrx_word' id='word_1_312' title='bbox 539 4039 664 4085; x_wconf 89' lang='lat' dir='ltr'><strong>cavere</strong></span> <span class='ocrx_word' id='word_1_313' title='bbox 688 4014 807 4098; x_wconf 88' lang='lat' dir='ltr'><strong>volni,</strong></span> <span class='ocrx_word' id='word_1_314' title='bbox 832 4042 877 4086; x_wconf 90' lang='lat' dir='ltr'><strong>ne</strong></span> <span class='ocrx_word' id='word_1_315' title='bbox 897 4042 1059 4112; x_wconf 87' lang='lat' dir='ltr'><strong>unquam</strong></span> <span class='ocrx_word' id='word_1_316' title='bbox 1087 4015 1314 4087; x_wconf 85' lang='lat' dir='ltr'><strong>effunderem</strong></span> <span class='ocrx_word' id='word_1_317' title='bbox 1334 4021 1406 4099; x_wconf 76' lang='grc' dir='ltr'>ἔπος</span> <span class='ocrx_word' id='word_1_318' title='bbox 1425 4021 1504 4112; x_wconf 77' lang='grc' dir='ltr'><strong>μέγα</strong></span> <span class='ocrx_word' id='word_1_319' title='bbox 1518 4041 1553 4084; x_wconf 73' lang='lat' dir='ltr'><strong>a.</strong></span> 
     </span>
    </p>

    <p class='ocr_par' dir='ltr' id='par_1_8' title="bbox 314 4147 1999 4775">
     <span class='ocr_line' id='line_1_31' title="bbox 361 4147 1901 4246; baseline 0 -27"><span class='ocrx_word' id='word_1_320' title='bbox 361 4148 436 4219; x_wconf 76' lang='lat' dir='ltr'><strong>Alia</strong></span> <span class='ocrx_word' id='word_1_321' title='bbox 455 4147 501 4219; x_wconf 90' lang='lat' dir='ltr'><strong>ad</strong></span> <span class='ocrx_word' id='word_1_322' title='bbox 518 4148 851 4245; x_wconf 88' lang='lat' dir='ltr'><strong>interpretationem</strong></span> <span class='ocrx_word' id='word_1_323' title='bbox 874 4150 1093 4244; x_wconf 89' lang='lat' dir='ltr'><strong>spectantia,</strong></span> <span class='ocrx_word' id='word_1_324' title='bbox 1117 4173 1197 4246; x_wconf 85' lang='lat' dir='ltr'><strong>quae</strong></span> <span class='ocrx_word' id='word_1_325' title='bbox 1221 4149 1391 4220; x_wconf 88' lang='lat' dir='ltr'><strong>uberiore</strong></span> <span class='ocrx_word' id='word_1_326' title='bbox 1415 4147 1656 4244; x_wconf 82' lang='lat' dir='ltr'><strong>explicatione</strong></span> <span class='ocrx_word' id='word_1_327' title='bbox 1679 4172 1784 4243; x_wconf 89' lang='lat' dir='ltr'><strong>egere</strong></span> <span class='ocrx_word' id='word_1_328' title='bbox 1802 4149 1901 4219; x_wconf 81' lang='lat' dir='ltr'><strong>vide·</strong></span> 
     </span>
     <span class='ocr_line' id='line_1_32' title="bbox 315 4279 1900 4377; baseline 0.001 -27"><span class='ocrx_word' id='word_1_329' title='bbox 315 4295 451 4369; x_wconf 87' lang='lat' dir='ltr'><strong>rentur,</strong></span> <span class='ocrx_word' id='word_1_330' title='bbox 480 4281 653 4351; x_wconf 88' lang='lat' dir='ltr'><strong>reservavi</strong></span> <span class='ocrx_word' id='word_1_331' title='bbox 672 4279 717 4351; x_wconf 91' lang='lat' dir='ltr'><strong>ad</strong></span> <span class='ocrx_word' id='word_1_332' title='bbox 745 4281 900 4351; x_wconf 86' lang='lat' dir='ltr'><strong>Lexicon</strong></span> <span class='ocrx_word' id='word_1_333' title='bbox 920 4281 1174 4353; x_wconf 90' lang='lat' dir='ltr'><strong>Theocriteum</strong></span> <span class='ocrx_word' id='word_1_334' title='bbox 1193 4284 1371 4353; x_wconf 91' lang='lat' dir='ltr'><strong>Bioneum</strong></span> <span class='ocrx_word' id='word_1_335' title='bbox 1398 4281 1629 4368; x_wconf 88' lang='lat' dir='ltr'><strong>Moscheum,</strong></span> <span class='ocrx_word' id='word_1_336' title='bbox 1658 4282 1695 4351; x_wconf 91' lang='lat' dir='ltr'><strong>in</strong></span> <span class='ocrx_word' id='word_1_337' title='bbox 1719 4306 1796 4377; x_wconf 93' lang='lat' dir='ltr'><strong>quo</strong></span> <span class='ocrx_word' id='word_1_338' title='bbox 1816 4308 1900 4352; x_wconf 90' lang='lat' dir='ltr'><strong>con-</strong></span> 
     </span>
     <span class='ocr_line' id='line_1_33' title="bbox 314 4413 1900 4511; baseline 0 -25"><span class='ocrx_word' id='word_1_339' title='bbox 314 4413 436 4486; x_wconf 86' lang='lat' dir='ltr'><strong>dendo</strong></span> <span class='ocrx_word' id='word_1_340' title='bbox 462 4429 661 4510; x_wconf 90' lang='lat' dir='ltr'><strong>occupatus</strong></span> <span class='ocrx_word' id='word_1_341' title='bbox 683 4439 785 4501; x_wconf 90' lang='lat' dir='ltr'><strong>sum,</strong></span> <span class='ocrx_word' id='word_1_342' title='bbox 803 4414 1013 4510; x_wconf 70' lang='lat' dir='ltr'><strong>exemplum¹</strong></span> <span class='ocrx_word' id='word_1_343' title='bbox 1027 4416 1257 4511; x_wconf 92' lang='lat' dir='ltr'><strong>propositum</strong></span> <span class='ocrx_word' id='word_1_344' title='bbox 1274 4414 1412 4486; x_wconf 88' lang='lat' dir='ltr'><strong>habens</strong></span> <span class='ocrx_word' id='word_1_345' title='bbox 1429 4413 1531 4509; x_wconf 89' lang='lat' dir='ltr'><strong>quod</strong></span> <span class='ocrx_word' id='word_1_346' title='bbox 1549 4413 1748 4484; x_wconf 88' lang='lat' dir='ltr'><strong>Ellendtius</strong></span> <span class='ocrx_word' id='word_1_347' title='bbox 1765 4414 1900 4509; x_wconf 88' lang='lat' dir='ltr'><strong>praeivit</strong></span> 
     </span>
     <span class='ocr_line' id='line_1_34' title="bbox 315 4545 1999 4644; baseline 0.001 -26"><span class='ocrx_word' id='word_1_348' title='bbox 315 4547 351 4618; x_wconf 93' lang='lat' dir='ltr'><strong>in</strong></span> <span class='ocrx_word' id='word_1_349' title='bbox 374 4548 511 4642; x_wconf 89' lang='lat' dir='ltr'><strong>egregio</strong></span> <span class='ocrx_word' id='word_1_350' title='bbox 532 4547 660 4618; x_wconf 84' lang='lat' dir='ltr'><strong>Lexico</strong></span> <span class='ocrx_word' id='word_1_351' title='bbox 679 4545 896 4644; x_wconf 86' lang='lat' dir='ltr'><strong>Sophocleo.</strong></span> <span class='ocrx_word' id='word_1_352' title='bbox 936 4546 1144 4619; x_wconf 88' lang='lat' dir='ltr'><strong>Scribebam</strong></span> <span class='ocrx_word' id='word_1_353' title='bbox 1174 4547 1350 4619; x_wconf 82' lang='lat' dir='ltr'><strong>Mollrusae</strong></span> <span class='ocrx_word' id='word_1_354' title='bbox 1378 4549 1415 4619; x_wconf 92' lang='lat' dir='ltr'><strong>in</strong></span> <span class='ocrx_word' id='word_1_355' title='bbox 1447 4547 1661 4642; x_wconf 80' lang='lat' dir='ltr'><strong>Tlrnringia,</strong></span> <span class='ocrx_word' id='word_1_356' title='bbox 1692 4571 1773 4642; x_wconf 85' lang='lat' dir='ltr'><strong>quae</strong></span> <span class='ocrx_word' id='word_1_357' title='bbox 1801 4573 1900 4621; x_wconf 90' lang='lat' dir='ltr'><strong>nunc</strong></span> <span class='ocrx_word' id='word_1_358' title='bbox 1998 4597 1999 4640; x_wconf 64' lang='lat'><em>3</em></span> 
     </span>
     <span class='ocr_line' id='line_1_35' title="bbox 315 4677 1902 4775; baseline 0.003 -28"><span class='ocrx_word' id='word_1_359' title='bbox 315 4693 415 4775; x_wconf 92' lang='lat' dir='ltr'><strong>paret</strong></span> <span class='ocrx_word' id='word_1_360' title='bbox 439 4680 622 4768; x_wconf 89' lang='lat' dir='ltr'><strong>Bornssis,</strong></span> <span class='ocrx_word' id='word_1_361' title='bbox 654 4679 820 4752; x_wconf 88' lang='lat' dir='ltr'><strong>Calendis</strong></span> <span class='ocrx_word' id='word_1_362' title='bbox 846 4681 970 4769; x_wconf 90' lang='lat' dir='ltr'><strong>Maiis,</strong></span> <span class='ocrx_word' id='word_1_363' title='bbox 998 4681 1056 4752; x_wconf 93' lang='lat' dir='ltr'><strong>die</strong></span> <span class='ocrx_word' id='word_1_364' title='bbox 1085 4682 1120 4751; x_wconf 94' lang='lat' dir='ltr'><strong>in</strong></span> <span class='ocrx_word' id='word_1_365' title='bbox 1153 4681 1362 4750; x_wconf 87' lang='lat' dir='ltr'><strong>memoriam</strong></span> <span class='ocrx_word' id='word_1_366' title='bbox 1389 4678 1524 4750; x_wconf 90' lang='lat' dir='ltr'><strong>Christi</strong></span> <span class='ocrx_word' id='word_1_367' title='bbox 1551 4678 1598 4749; x_wconf 94' lang='lat' dir='ltr'><strong>ad</strong></span> <span class='ocrx_word' id='word_1_368' title='bbox 1617 4677 1760 4749; x_wconf 84' lang='lat' dir='ltr'><strong>Coclites</strong></span> <span class='ocrx_word' id='word_1_369' title='bbox 1789 4683 1902 4751; x_wconf 87' lang='lat' dir='ltr'><strong>evecti</strong></span> 
     </span>
    </p>
   </div>
   <div class='ocr_carea' id='block_1_8' title="bbox 316 4811 811 4885">
    <p class='ocr_par' dir='ltr' id='par_1_9' title="bbox 316 4811 811 4885">
     <span class='ocr_line' id='line_1_36' title="bbox 316 4811 811 4885; baseline 0.004 -3"><span class='ocrx_word' id='word_1_370' title='bbox 316 4811 491 4883; x_wconf 86' lang='lat' dir='ltr'><strong>celebrata</strong></span> <span class='ocrx_word' id='word_1_371' title='bbox 508 4838 538 4884; x_wconf 91' lang='lat' dir='ltr'><strong>a.</strong></span> <span class='ocrx_word' id='word_1_372' title='bbox 558 4817 811 4885; x_wconf 82' lang='lat' dir='ltr'><strong>MDCCCXLV.</strong></span> 
     </span>
    </p>
   </div>
   <div class='ocr_carea' id='block_1_9' title="bbox 0 0 2037 6084">
    <p class='ocr_par' dir='ltr' id='par_1_10' title="bbox 0 0 2037 6084">
     <span class='ocr_line' id='line_1_37' title="bbox 0 0 2037 6084; baseline 0 0"><span class='ocrx_word' id='word_1_373' title='bbox 0 0 2037 6084; x_wconf 95' lang='lat' dir='ltr'><strong> </strong></span> 
     </span>
    </p>
   </div>
  </div>
 </body>
</html>
