4022 6084
689 419 805 477 nua'u
828 417 1100 479 Pnouuosuica
1286 454 1292 464 ·
1662 433 1696 480 ii

44 571 87 606 ωιν
101 544 181 612 εύδιός
194 569 223 604 κε
236 543 351 628 φέροιτο·
361 547 406 606 καλ
415 546 440 605 εί
450 570 511 604 ποτε
527 547 651 625 χείματος
665 543 719 623 ὥρῃ

100 633 220 710 ωχρήσαι
229 631 336 694 καττῶν.
352 631 420 713 ἀτάρ
431 633 522 700 ύδατος
532 639 664 712 ἠμερινοῑο

54 749 87 778 rao
99 719 234 796 γινομένου
246 720 388 780 κατόπισθε
399 721 459 800 περὶ
473 721 550 801 νέφεα
567 721 721 779 σκοπέεσθαι

99 810 182 877 καδδή
193 805 318 883 δυομένου
328 808 505 887 τετραμμένος
514 808 620 879 ἠελίοιο.

101 891 131 960 ἠν
143 891 191 968 μέν
200 892 359 974 ύπυσκεάῃσι
372 894 548 972 μελοινομένη
560 897 643 952 είκυῖα
752 949 755 956 ,

41 1001 84 1039 aaa
100 980 189 1048 ἠέλιον
201 979 313 1059 νεφέλη,
327 979 371 1039 τα1
384 983 408 1040 δ’
421 981 488 1062 ἀμφί
501 1006 544 1057 μιν
557 981 616 1040 ένθα
631 983 675 1039 καὶ
688 981 747 1038 ἔνθα

100 1071 201 1132 ἀκτῖνες
212 1067 345 1145 μεσσηγύς
357 1069 524 1145 έλισσύμεναι
535 1069 689 1148 διχόωνται,

51 1179 86 1207 ενι
98 1146 138 1224 ἦτ’
148 1155 178 1212 ἀν
191 1153 226 1210 ἔτ’
237 1157 272 1220 είς
286 1158 327 1224 ἠῶ
337 1153 449 1222 σκέπαος
463 1155 622 1238 κεχρημένος
636 1155 698 1224 εἴης.

99 1243 121 1298 εἰ
135 1238 156 1296 δ’
170 1244 184 1298 ό
196 1241 245 1316 μὲν
259 1241 379 1321 ἀνέφελος
390 1243 485 1322 βάτων
498 1241 556 1321 βόου
571 1243 712 1321 ἑσπερέοω,

98 1327 142 1384 ταὶ
152 1326 179 1386 δέ
191 1327 386 1409 Ινιατεφχοριένου
400 1329 504 1410 νεφέλαι
515 1331 559 1387 καλ
575 1329 761 1407 ἀποιχομένοιο

40 1439 85 1478 κω
99 1415 211 1485 πλησίαι
221 1416 364 1486 ἑστήκωσιν
380 1416 509 1498 έρευθέες,
521 1415 551 1475 ού
563 1440 592 1476 σε
606 1417 678 1492 μάλα
689 1415 740 1496 χρή

99 1501 187 1583 αὔριον
202 1505 256 1560 οὐδ’
271 1504 313 1560 ἐπὶ
324 1502 396 1561 νυκτὶ
410 1504 588 1584 περιτρομέειν
599 1507 694 1576 ύετοῖο,

56 1610 92 1640 ιιο
101 1591 160 1646 ἀλλ’
172 1588 244 1646 ὁπότ’
259 1592 357 1660 ἠελίοιο
371 1590 591 1670 μαραινομένησιν
606 1593 694 1666 ὁμοῖαι

99 1676 221 1746 ἐξαπίνης
231 1677 331 1742 ἀκτῖνες
346 1678 391 1734 ἀντ’
405 1677 539 1755 οὐρανόθεν
548 1679 702 1750 τανύωνται,

97 1757 150 1821 οἷον
164 1763 373 1840 ἀμαλδύνονται,
383 1761 426 1822 θοι
437 1764 544 1844 σκιάῃσι
556 1768 614 1822 κατ’
624 1763 663 1822 itt

39 1869 81 1908 eso
95 1851 225 1924 ἱσταμένη
236 1849 312 1926 γαίης
322 1873 350 1908 τε
362 1851 406 1909 καί
422 1851 519 1921 ἠελίοιο
529 1851 633 1919 σελήνη.

96 1937 150 1993 οὐδ’
161 1936 204 1994 &a
217 1940 241 1994 οί
255 1936 377 2016 ἀπέχοντι
390 1937 536 2018 φανήμεναι
548 1941 612 2007 ἠῶθι
622 1936 672 2014 πρὸ

49 2052 81 2081 ιιι
96 2023 234 2103 φαίνονται
247 2023 352 2105 νεφέλαι
367 2025 516 2104 ύτερευθέες
530 2023 636 2082 ἀλλοθεν
652 2024 747 2094 ἀλλαι,

96 2111 223 2191 ἄββαντοι
235 2109 350 2187 γίνονται
364 2112 407 2170 ἀπ’
421 2109 504 2186 ἠματι
519 2111 596 2188 κείνῳ
612 2109 729 2188 ἄρουραι.

99 2197 163 2274 μηδ’
176 2197 277 2270 οὕτως,
292 2195 329 2256 ἔτ’
340 2197 406 2258 δόντι
419 2197 500 2277 πέρην
516 2199 593 2254 ὁπότε
604 2199 772 2274 προταθεῖσαι

40 2308 82 2346 sno
97 2289 200 2352 ἀκτῖνες
214 2285 349 2362 φαίνονται
363 2285 474 2344 intentor
489 2289 553 2354 ἠῶθι
562 2285 628 2364 πρό,

96 2373 193 2440 ὕδατος
204 2370 222 2445 ἠ
235 2373 341 2449 ἀνέμοιο
349 2371 537 2448 κατοισομένου
552 2371 715 2432 λελαθέσθαι.

44 2483 77 2514 ιιι
97 2463 158 2519 ἀλλ’
171 2462 194 2520 si
207 2460 257 2538 μὲν
271 2461 354 2522 κεῖναι
365 2463 463 2538 μᾶλλον
480 2459 589 2541 κνέφαος
602 2459 733 2540 φορέυιντο

95 2551 216 2622 ἀκτῖνες,
229 2547 328 2625 patiar
341 2571 385 2606 κεν
400 2547 439 2626 ἀφ’
449 2546 526 2606 ύδατι
539 2547 701 2624 σημαίνοιεν·

93 2639 117 2694 si
134 2637 158 2694 δ’
173 2634 259 2712 όλίγος
269 2635 388 2696 τανύοντο
398 2634 458 2714 περ1
477 2636 566 2716 δνόφοι
580 2633 734 2704 ἀκτίνεσσιν,

40 2747 79 2788 m
95 2713 153 2782 οἶόν
167 2745 219 2784 τοι
233 2723 353 2800 μαλακαί
366 2721 472 2804 νεφέλαι
483 2722 603 2803 φορέουσι
614 2723 745 2798 μάλιστα,

92 2803 137 2883 ἥτ’
152 2809 186 2870 ἀν
200 2809 383 2890 ἀπερχομένοιο
394 2809 593 2889 περιδνοφέοεντ·
611 2808 727 2885 ἀνέμοιο.

54 2925 83 2958 ιιι
93 2897 155 2956 otei
171 2895 219 2976 μέν
230 2895 319 2970 ἠελίου
332 2896 453 2976 σχεδόθεν
465 2897 623 2973 μελανεῦσαι
637 2897 721 2952 ἀλωαὶ

94 2983 193 3044 εὔδιοι·
205 2984 345 3063 ἀσσότεραι
358 2984 386 3042 δὲ
397 2984 443 3043 κα1
458 2982 587 3065 ἀστεμφὲς
600 2986 757 3060 μελανεῢσαι

95 3079 200 3155 μᾶλλον
209 3078 354 3159 χειμέριαι·
364 3077 410 3136 δύο
420 3080 444 3136 δ’
453 3077 485 3135 ἀν
496 3077 684 3158 χαλεπώταται
696 3068 756 3136 sisa.

41 3187 81 3225 ssu
139 3167 258 3225 Σκένττεο
270 3163 323 3236 δ’ἠ
337 3165 451 3232 ἀνιόντος
464 3163 585 3237 ἠαύτίκα
595 3165 728 3241 δυομένοιο

94 3251 120 3311 εί
136 3251 187 3312 πού
201 3255 225 3311 ο1
239 3251 346 3334 νεφέων,
359 3251 391 3311 τά
406 3253 524 3332 παρήλια
538 3252 738 3328 κικλήσκονται,

49 3375 80 3406 ‚a
95 3339 114 3412 ἠ
130 3341 206 3399 νότου
219 3339 250 3412 ἠέ
266 3345 358 3419 βορῆος
373 3340 504 3419 ἐρεύθεται
516 3338 533 3412 ἠ
546 3340 691 3421 έκοέτερθεν.

95 3429 160 3504 μηδ’
171 3426 240 3485 οθτω
251 3425 362 3497 σκοπιήν
375 3427 471 3499 ταύτην
487 3429 604 3504 ἀμενηνὰ
616 3427 769 3508 φυλάσσειν·

93 3516 124 3571 ού
136 3513 204 3594 γάρ,
219 3512 257 3572 ὅτ’
275 3512 457 3593 ἀμφοτέρωθεν
469 3519 534 3589 ὁμοῦ
548 3515 609 3593 περὶ
622 3514 718 3590 μέσσον
733 3513 836 3592 ἔχουσιν

39 3625 77 3664 ιι
91 3601 179 3672 ἠέλιον
191 3609 273 3658 κεῖναι
283 3599 387 3682 νεφέλαι
397 3601 488 3679 σχεδὸν
501 3603 639 3673 ὠκεανοῖο,

91 3688 192 3764 γίνεται
202 3687 316 3764 ἀμύολίη
330 3688 419 3748 Διόθεν
432 3692 559 3768 χειμῶνος
569 3690 659 3756 ίύντος.

50 3807 80 3834 ιο
95 3774 120 3832 εί
133 3797 162 3851 γε
177 3775 223 3858 μὲν
237 3777 267 3833 ἐκ
282 3775 374 3854 βορέαο
388 3775 425 3850 μί’
436 3776 478 3847 οέη
491 3777 659 3856 φοινίσσοιτο,

94 3868 124 3921 έκ
141 3862 225 3943 βορέω
239 3863 329 3929 τινὀιάς
342 3887 372 3922 κε
384 3864 472 3943 φέροι,
485 3865 557 3933 νοτίη
570 3863 597 3922 δὲ
612 3865 708 3934 νότοιο,

91 3950 109 4021 ἦ
122 3951 168 4008 καί
183 3974 234 4009 που
246 3950 404 4030 ῥαθάμιγγες
418 3952 586 4030 έπιτροχόωσ’
601 3955 695 4009 taneio.

41 4053 79 4088 ⁸⁹⁰
135 4037 283 4119 ‘Emptum
296 4036 456 4113 καὶμᾶλλον
471 4041 593 4116 ἀπέτρεπε
608 4039 710 4112 οήμασι
724 4037 834 4102 τούτοις·

93 4127 231 4204 έαπερύθεν
244 4123 295 4204 γάρ
309 4128 379 4200 δμῶε
394 4125 549 4198 σημαίνεται
560 4123 668 4201 ἐμμενές
681 4123 741 4183 αἰεί.

50 4241 79 4268 νεα
136 4212 256 4271 Σκέπτιο
268 4212 314 4271 καὶ
327 4211 502 4282 Φᾶτνην.ἠ
519 4211 566 4288 μέν
580 4213 602 4268 τ’
616 4213 691 4290 όλίγῃ
706 4211 789 4269 είκυῖα

93 4299 175 4378 ἀχλύῑ·
186 4300 295 4380 βοββσίη
310 4299 360 4357 ont
377 4299 500 4379 Καρκίνιρ
510 4299 648 4376 ἠγηλοίζει·

91 4387 159 4466 ἀμφὶ
173 4385 203 4444 δέ
214 4409 259 4448 urs
273 4386 319 4445 δύο
332 4386 415 4444 tamt
427 4387 589 4466 φαεινόμενοι
602 4387 737 4467 φορέονται

42 4489 79 4527 sss
94 4473 217 4554 ἀστέρες,
231 4471 291 4533 ούτι
301 4497 328 4532 τι
340 4474 437 4532 πολλὸν
453 4475 563 4555 ἀτήοροι
576 4474 635 4533 ούτε
648 4474 710 4550 μέλ’
724 4471 811 4549 ἐγγύς,

94 4561 152 4619 ἀλλ’
165 4559 243 4620 δασον
256 4584 285 4620 τε
300 4561 416 4637 μάλιστα
430 4561 568 4637 πυγούσιον
583 4561 737 4632 οἰήσασθαι,

51 4677 81 4706 ιιι
93 4639 130 4712 εἷς
144 4647 192 4726 μέν
204 4647 260 4729 πάρ
275 4647 384 4728 βορέαο·
396 4648 463 4730 νότιρ
477 4649 500 4706 δ’
512 4647 673 4706 έπικέκλιται
689 4647 773 4712 ἄλλος.

91 4735 138 4792 καὶ
149 4734 189 4794 noi
201 4734 249 4812 μέν
263 4733 402 4795 καλέονται
415 4734 524 4809 Ὀνοι,
538 4735 625 4811 μέσση
640 4735 668 4792 δέ
682 4759 709 4792 τε
722 4736 832 4806 Φοίννη,

90 4823 138 4892 ἥτε
149 4822 194 4880 κα1
208 4821 329 4894 έξαιεένης
339 4822 425 4901 πάντη
437 4823 497 4889 Διὸς
511 4821 657 4888 εύδιύωντος

44 4927 80 4964 νου
91 4911 170 4986 γίνετ’
185 4909 297 4992 ἄφαντος
306 4909 369 4981 ὅλη·
382 4913 421 4968 τοὶ
436 4913 457 4968 δ’
474 4911 655 4990 ἀμφοτέρωθεν
668 4911 747 4975 ἰόντες

93 4997 200 5075 ἀστέρες
214 4997 335 5068 ἀλλήλοιν
350 4998 505 5078 αύτοσχεδθν
520 4997 694 5056 ἷνδάλλονται·

46 5113 77 5143 ινα
93 5087 142 5142 uix
152 5085 232 5163 όλέγῳ
240 5089 352 5164 χειμῶνι
362 5085 420 5144 τότε
431 5085 566 5154 κλύζονται
578 5086 695 5164 ἄρουραι.

93 5173 116 5230 st
130 5170 157 5229 δέ
169 5172 338 5246 μελαίνηται,
347 5171 387 5231 soi
396 5175 418 5230 δ’
430 5173 514 5232 αὐτίκ’
527 5171 637 5238 uada<
651 5164 713 5232 ῶσιν

187 5275 288 5313 mauu

924 573 1021 608 serenus
1032 560 1079 606 iere
1091 562 1174 618 agatur
1186 578 1192 608 ι
1202 561 1274 608 etiam
1286 558 1305 606 si
1317 557 1414 620 quaudo
1420 559 1508 620 pluvie
1520 560 1628 622 terupors

924 647 1035 709 petiuerit
1044 645 1197 696 occumbens.
1230 645 1369 708 At,piuvta
1377 643 1464 694 diuma

925 735 1001 796 taeta,
1011 738 1092 796 postea
1100 733 1176 783 nubes
1185 732 1373 795 armnapieiso,

924 821 954 869 ad
964 820 1111 870 occidentem
1121 831 1252 870 oonvm
1259 819 1343 869 sotem.

926 911 950 960 Si
961 911 1057 974 quidem
1069 912 1181 962 obscuret
1189 909 1315 974 uiperae
1324 909 1408 959 similis

925 998 998 1046 soiern
1010 998 1099 1057 nubes,
1113 998 1204 1047 nircum
1214 997 1292 1060 ipsam
1301 998 1382 1046 autem
1392 995 1448 1046 hino
1456 999 1482 1047 et
1493 996 1549 1047 iude

925 1082 984 1130 radii
996 1083 1134 1132 intervoluti
1148 1082 1278 1144 findantur,

925 1173 989 1218 certe
1000 1171 1079 1220 adhuc
1087 1170 1112 1219 iu
1123 1183 1233 1220 ουεοεεεο
1245 1171 1395 1232 operimento
1404 1169 1497 1234 indigus
1506 1171 1587 1222 trieris.

926 1259 956 1306 At
965 1257 984 1304 si
994 1257 1033 1306 hic
1042 1256 1138 1320 quidem
1147 1258 1269 1306 innubilus
1278 1270 1303 1306 se
1312 1255 1524 1320 submergatiiuxu
1535 1257 1654 1321 oeoiduo,

924 1345 1075 1395 descendenti
1082 1359 1140 1395 vero
1151 1345 1227 1396 nubes
1235 1347 1260 1394 et
1272 1345 1369 1394 abeunti

924 1431 1010 1480 vicine
1020 1434 1083 1480 stent
1091 1430 1244 1488 rubicunde,
1259 1428 1324 1480 haud
1335 1433 1360 1480 te
1370 1430 1543 1494 raideoportet

925 1531 992 1576 cras,
1002 1531 1131 1580 uequeper
1142 1516 1487 1583 nouemtivnereoepiaria,

925 1617 1008 1652 verum
1019 1604 1115 1666 quaudo
1128 1603 1184 1652 solis
1192 1602 1393 1653 marcescentibus
1402 1604 1491 1654 sinues

924 1691 1046 1751 extempio
1055 1689 1114 1738 radii
1126 1689 1155 1738 de
1164 1689 1225 1738 ooeio
1234 1687 1419 1751 protenduntur,

924 1776 986 1825 sieut
1000 1778 1158 1834 evanescunt,
1170 1773 1268 1838 σοοοθο
1279 1775 1408 1826 ouumuret
1416 1789 1447 1826 ex
1455 1775 1548 1827 diruto

925 1866 991 1911 stans
1000 1865 1121 1924 terreque
1134 1862 1158 1910 et
1166 1859 1302 1913 solisluna.

925 1950 1007 2009 Neque
1019 1947 1116 2008 quando
1126 1948 1148 1996 ei
1158 1947 1262 1996 moranti
1270 1947 1351 1998 iuoere
1358 1949 1415 1998 aute
1423 1961 1536 2000 auroram

924 2036 1038 2095 apparent
1049 2033 1124 2082 nrrbss
1131 2032 1258 2082 subrubeoe
1265 2032 1322 2082 alibi
1331 2034 1399 2096 atie,

924 2121 988 2170 sicca
999 2121 1060 2168 frunt
1069 2121 1093 2169 iu
1103 2120 1142 2169 die
1152 2118 1193 2170 iiio
1204 2133 1272 2173 urna.

924 2215 1006 2274 Neque
1013 2211 1063 2272 pavi
1076 2209 1156 2270 modo,
1166 2209 1246 2259 εάΙιοο
1254 2211 1378 2260 exsistenti
1387 2209 1479 2261 intem
1487 2211 1583 2273 quanio
1590 2213 1699 2276 pratensi

925 2299 983 2348 radii
995 2300 1110 2360 apparent
1119 2297 1213 2348 obscuri
1222 2301 1279 2348 aute
1287 2311 1414 2360 auroram,

923 2385 1012 2446 pluvie
1023 2389 1066 2435 aut
1076 2383 1143 2434 venti
1151 2383 1258 2434 trruituri
1267 2384 1418 2436 obtivisoere.

924 2469 969 2519 Sed
978 2471 998 2518 si
1011 2469 1045 2519 itii
1054 2469 1128 2532 maus
1137 2469 1238 2532 caligine
1246 2470 1403 2520 involvantur

923 2555 996 2616 radii,
1010 2555 1084 2618 magis
1092 2558 1157 2606 certe
1165 2555 1195 2606 de
1201 2555 1284 2619 pluria
1294 2558 1425 2605 moneam:

923 2643 959 2692 siu
967 2645 1046 2692 οοίειο
1056 2642 1150 2694 modios
1158 2642 1303 2694 extendatur
1312 2642 1387 2703 caiigo
1397 2635 1489 2691 osteum
1502 2643 1594 2703 radios,

923 2729 1018 2791 quatem
1026 2741 1208 2792 nonnumquam
1216 2731 1306 2779 tenere
1315 2727 1391 2778 nubes
1399 2727 1479 2777 ierunt
1489 2729 1608 2791 maxime,

924 2818 988 2864 certe
997 2815 1138 2865 adveniente
1151 2813 1303 2865 obtenebrari
1312 2814 1390 2864 soient
1399 2818 1481 2865 vento.

869 2959 872 2966 Ι
923 2904 1004 2964 Neque
1013 2902 1109 2964 quidem
1121 2914 1197 2965 prope
1207 2901 1282 2951 sotem
1294 2902 1454 2964 nigrescentes
1467 2902 1523 2950 circi

922 2992 979 3037 sunt
989 2989 1080 3050 sereni3
1090 2989 1216 3040 viciniores
1223 3002 1283 3039 vero
1294 2992 1318 3039 et
1328 2989 1434 3051 impense
1445 2989 1616 3052 nigrasoeutes,

923 3077 997 3137 magis
1005 3077 1158 3138 tempestuosi
1168 3097 1175 3125 ι
1184 3075 1234 3126 duo
1245 3077 1326 3126 eutem
1334 3075 1460 3126 mummi
1473 3075 1568 3126 meunt

953 3162 1080 3213 considera
1088 3163 1169 3211 autem
1177 3160 1216 3210 rei
1226 3161 1252 3210 iu
1260 3159 1352 3210 oriente
1359 3161 1397 3210 val
1406 3159 1457 3222 iam
1466 3159 1605 3221 assidente,

922 3249 997 3300 sicubi
1009 3251 1029 3298 ei
1039 3249 1130 3309 ιιοΙνοο,
1140 3260 1201 3311 quas
1210 3247 1301 3296 Pareiia
1312 3249 1320 3308 1
1327 3247 1377 3296 solt
1386 3247 1489 3308 uicina)
1499 3246 1604 3308 vocant,

921 3341 963 3386 aut
972 3337 1003 3386 ab
1014 3339 1099 3386 austro
1113 3338 1156 3385 aut
1164 3337 1241 3385 Borea
1250 3334 1395 3394 rubescunt,
1406 3336 1449 3383 aut
1457 3333 1586 3396 utrimque

922 3430 1004 3487 Neque
1013 3425 1073 3474 adeo
1087 3422 1279 3474 observationem
1290 3422 1353 3472 hano
1363 3421 1448 3472 trinoie
1456 3420 1549 3472 ouuodt
1563 3439 1570 3469 ι

921 3526 969 3562 uon
978 3515 1057 3573 οειέειι,
1069 3525 1147 3574 quum
1155 3510 1278 3573 utrimque
1286 3509 1359 3561 umal
1370 3509 1477 3560 nauum
1487 3508 1638 3560 drauum

921 3602 996 3650 sotem
1007 3599 1056 3650 ille
1067 3599 1143 3650 nubes
1153 3611 1227 3661 prope
1236 3602 1373 3658 oceanum,

922 3689 948 3737 fit
959 3687 1041 3738 dilatio
1053 3700 1068 3737 e
1079 3687 1142 3736 ooeio
1149 3686 1241 3749 pluvie
1250 3685 1374 3736 uenientis.

921 3777 946 3825 si
961 3775 1058 3837 quidem
1070 3788 1084 3824 e
1094 3776 1170 3824 Borea
1178 3774 1288 3838 unapoia
1300 3774 1422 3834 rubescat,

920 3866 1018 3912 eBorea
1030 3862 1100 3913 iiatus
1109 3865 1194 3914 atterre
1204 3861 1279 3920 soiet3
1292 3861 1398 3911 austrina
1407 3874 1478 3920 vero,
1490 3873 1518 3909 ex
1529 3862 1627 3920 Austro3

920 3956 962 4001 aut
977 3953 1049 4001 etiam
1061 3954 1135 4013 gutte
1146 3950 1256 4000 decident
1268 3949 1364 4011 piuviai.

951 4038 1144 4089 occidentalibus
1152 4037 1224 4087 etium
1237 4035 1377 4099 piustn'bue
1388 4035 1460 4096 signis
1469 4035 1504 4082 his
1517 4049 1523 4080 ι

919 4128 950 4176 ab
959 4127 1082 4176 occidente
1093 4139 1198 4188 namque
1208 4125 1273 4186 sigua
1285 4126 1413 4172 minuatur
1423 4119 1591 4170 invariabiliter
1597 4131 1697 4181 semper.

951 4217 1046 4264 intuere
1056 4213 1129 4264 etiam
1140 4216 1257 4274 Presepe.
1271 4211 1298 4260 1ι1
1308 4209 1422 4272 quidem,
1436 4209 1501 4257 team
1512 4207 1590 4256 simile

919 4302 1058 4360 nrrbecuiae,
1069 4300 1165 4350 boreale
1174 4299 1220 4349 sub
1230 4301 1324 4348 cancro
1338 4297 1461 4357 versatur;
1476 4357 1480 4366 ι

918 4392 944 4438 at
955 4389 1018 4437 eirca
1029 4389 1107 4451 ipsum
1118 4387 1173 4436 dum
1182 4387 1286 4435 tenuiter
1295 4383 1403 4432 iuuentus
1412 4383 1533 4431 teruntur·

918 4478 1007 4537 stellae,
1018 4489 1063 4525 nee
1072 4475 1177 4525 muitum
1185 4474 1314 4532 distantes,
1326 4484 1371 4521 aee
1384 4469 1453 4518 vaide
1464 4470 1565 4530 vicine,

918 4564 960 4613 aed
970 4577 1043 4626 (quam
1054 4563 1158 4612 ονοκίεοο
1171 4560 1245 4610 nubiti
1255 4559 1360 4622 spatium
1369 4571 1420 4607 esse
1429 4559 1502 4619 puta;

919 4665 966 4700 una
975 4651 1072 4712 quidem
1080 4651 1109 4700 ad
1117 4652 1216 4700 Boream
1224 4641 1695 4708 esttuanoveroappvopiuquataltera.

919 4742 997 4802 Atque
1008 4739 1047 4788 hae
1058 4737 1155 4802 quidem
1164 4737 1282 4786 vocantur
1291 4733 1370 4795 tsiui5
1379 4731 1486 4782 medium
1496 4733 1578 4779 autem
1590 4730 1697 4789 praesepe

918 4827 1066 4888 quodetiam
1080 4821 1510 4883 ooniestim,ooeioundiqueseveuo,
1626 4815 1695 4880 [eat‚

919 4915 946 4962 iit
955 4912 1085 4962 evanidam
1095 4914 1189 4972 totam
1199 4913 1272 4972 atque
1285 4909 1408 4972 utrimque
1416 4909 1501 4958 euntes

918 5005 992 5052 steiiae
1006 5001 1050 5050 sibi
1061 4999 1163 5049 iuvieem
1176 4999 1246 5061 piane
1257 4997 1342 5047 vicine
1351 4997 1484 5058 apparent:

918 5105 965 5140 non
979 5089 1072 5137 nrodiea
1081 5089 1222 5149 tempestate
1231 5084 1417 5142 tuuojuuudant
1428 5095 1494 5132 arva.

918 5179 942 5228 Si
951 5183 1032 5228 autern
1041 5177 1174 5238 nigrescat,
1184 5177 1259 5238 atque
1269 5174 1354 5223 eodem
1363 5173 1445 5223 ooiors
1452 5170 1569 5221 exustam

1548 5277 1575 5319 θα
