3992 6078
309 435 339 482 tv
1005 416 1221 483 PRAEFATIO.

305 554 393 626 stitit3
413 553 579 611 emendavit
600 572 707 631 pauca,
724 573 778 612 nec
795 573 830 612 ea
846 552 964 630 quidem
987 555 1088 612 omnia
1136 556 1182 613 vel
1198 575 1234 613 ex
1253 567 1367 612 centurn
1391 553 1524 612 versibus
1541 555 1716 632 comparatis
1734 555 1817 614 lacile
1831 569 1904 634 patet.

307 656 399 714 recte3
423 643 693 720 interpretationem
715 655 811 700 autem
827 642 946 700 latinam
965 643 1089 700 confecit
1136 641 1232 700 Possit
1242 643 1309 718 quis
1318 641 1504 719 expostulare
1518 662 1647 715 mecum,
1659 643 1740 720 quod
1752 657 1781 702 et
1795 643 1847 702 huc
1858 645 1907 702 sin·
1964 671 1965 676 ι

307 729 1089 808 talemutomnibusetiamcorruptissimisquibusque
1136 731 1213 805 gulis
1227 729 1352 810 probare
1373 731 1476 803 omisi,
1498 751 1594 809 neque
1610 733 1745 790 instituta
1770 732 1907 808 diligenter

306 819 342 875 ad
355 817 477 876 verbum
493 818 642 875 translatis
657 818 746 875 miras
758 818 933 896 ineptiarum
954 818 1089 893 ambages
1134 820 1352 896 comparatione
1379 821 1532 878 enucleare
1555 819 1717 879 studuerim
1743 833 1836 879 utrum
1858 821 1907 877 dno

306 908 491 965 securissime
500 906 649 965 effutierit.
657 905 754 975 Quare
761 908 895 964 consulto
904 907 1018 982 neglexi
1026 927 1088 965 eam
1136 906 1324 964 llolsteniana
1333 907 1501 985 apographa
1514 927 1551 966 ex
1564 910 1629 986 ipso
1646 909 1749 968 codice
1760 909 1906 985 descripta,

307 997 490 1068 versionem,
502 1015 606 1072 quam,
618 1007 650 1051 ut
658 995 753 1073 ipsius
763 1009 829 1052 utar
846 994 961 1066 verbis,
972 1017 1027 1054 non
1037 1000 1090 1052 ad·
1135 1013 1171 1050 an
1186 1008 1279 1052 antex
1289 995 1359 1068 alio,
1370 996 1449 1070 quod
1459 997 1650 1068 interciderit,
1658 995 1827 1075 apographo
1838 999 1908 1054 amhn

306 1088 414 1141 diturus
427 1098 492 1142 erat
501 1091 558 1141 nisi
567 1083 757 1160 efflagitasset
770 1105 833 1140 eam
847 1105 905 1140 mos
917 1087 1049 1160 publicus
1063 1098 1092 1140 et
1135 1081 1268 1140 derivata
1281 1083 1351 1153 sint,
1368 1097 1418 1140 aut
1429 1083 1552 1141 alterum
1570 1103 1607 1142 ex
1623 1085 1717 1144 altero
1730 1085 1852 1143 fluxerit.
1862 1083 1907 1140 Ne·

306 1195 367 1230 enm
377 1181 561 1252 patrocinans
569 1176 707 1230 librarius.
1135 1189 1192 1246 que
1204 1189 1258 1245 ego
1272 1169 1349 1227 hunc
1364 1168 1494 1228 laborem
1512 1190 1689 1247 quamquam
1710 1172 1789 1230 taedii
1806 1172 1906 1249 plenum
1965 1204 1966 1214 ι

346 1264 389 1321 De
408 1261 523 1334 verbis,
538 1281 603 1338 quae
625 1261 744 1338 quidem
766 1261 928 1319 innumeris
944 1259 1091 1318 scatebant
1136 1255 1386 1333 subterfugissem,
1402 1258 1428 1315 si
1438 1277 1474 1316 ex
1497 1277 1533 1316 eo
1550 1259 1657 1317 similis
1669 1261 1700 1318 in
1714 1259 1907 1318 emendandum

307 1354 406 1422 vitiis,
419 1349 611 1410 emendandis
624 1368 711 1406 nemo
721 1349 826 1406 melius
840 1348 947 1406 meruit
954 1350 1091 1424 Philippo
1137 1345 1309 1422 scriptorem
1323 1346 1434 1404 fructus
1444 1346 1659 1406 redundaturus
1671 1347 1780 1418 luisset,
1794 1361 1872 1424 atque
1880 1367 1907 1403 er

307 1445 447 1508 Dorvttlin,
463 1440 514 1516 qui
529 1439 560 1495 in
574 1436 774 1496 celeberrimis
786 1436 847 1494 illis
858 1435 894 1493 ad
903 1435 1089 1493 Charitonem
1135 1432 1279 1509 ejusmodi
1292 1433 1393 1491 labore
1410 1434 1441 1490 in
1454 1433 1597 1492 Velleium
1614 1435 1801 1494 Paterculum
1820 1435 1907 1493 redun-

306 1524 613 1585 animadversionibns
648 1543 781 1600 magnam
813 1543 915 1582 eorum
949 1524 1089 1581 vitiorum
1136 1519 1226 1581 davit.
1240 1521 1346 1579 Verum
1355 1521 1444 1597 plane
1453 1521 1565 1581 alienes
1574 1536 1619 1582 est
1630 1523 1660 1581 in
1674 1523 1905 1591 Manethonianis,
1965 1575 1966 1600 3

306 1629 417 1693 partem
430 1628 459 1673 et
470 1615 612 1689 sagaciter·
626 1612 775 1687 indagavit
786 1623 816 1670 et
828 1609 950 1669 feliciter
964 1613 1087 1670 sanavit.

306 1703 411 1761 Verum
419 1704 455 1760 de
462 1702 601 1760 carminis
613 1701 724 1758 unitate
732 1713 761 1758 et
771 1699 979 1771 continuitate,
992 1718 1091 1774 quam-

306 1811 392 1867 quam
408 1789 445 1848 ab
457 1786 737 1868 interpolationibus
747 1807 807 1845 non
824 1806 946 1846 vacuum
960 1785 1090 1862 judicat,

307 1880 380 1937 nihil
396 1878 574 1956 suspicionis
598 1877 768 1953 concepisse
791 1875 926 1945 videtur3
942 1887 1089 1932 auctorem

307 1969 370 2044 ipse
382 1981 448 2024 ante
460 1966 611 2024 Manilium
632 1965 740 2022 vixisse
755 1975 852 2041 putat,
869 1982 959 2040 quum
974 1961 1091 2020 Grono-

308 2056 373 2113 vius
389 2075 455 2112 eum
471 2053 618 2114 Ptolemaei
633 2051 817 2130 Philadelphi
837 2049 1018 2128 temporibus
1038 2070 1090 2108 au-

307 2143 408 2200 dacter
418 2140 609 2200 attribuisset.

346 2232 390 2289 De
398 2231 445 2288 his
458 2228 545 2287 rebus
557 2229 701 2296 certatim,
709 2227 759 2284 sed
768 2227 827 2284 alia
835 2239 952 2302 agentes
962 2227 994 2283 in
1003 2239 1093 2284 trans·

307 2339 393 2378 cursu
406 2331 516 2376 tantum
530 2328 710 2374 monuerunt
723 2319 861 2389 Heyntm,
879 2314 930 2392 qui
946 2315 996 2391 (in
1013 2315 1092 2392 Opu-

307 2409 392 2468 scull.
405 2407 504 2464 acadd.
513 2419 584 2463 torn.
600 2403 623 2476 l,
634 2424 662 2482 p.
674 2405 712 2478 95
724 2402 782 2483 sq.)
794 2404 941 2479 ingentem
954 2422 1091 2462 versuum

307 2496 527 2555 subdititiorum
540 2512 693 2552 numerum
707 2492 803 2550 inesse
811 2491 899 2567 dicit,
913 2492 1089 2564 nemereus,

307 2585 358 2662 elui
375 2585 425 2660 (in
444 2583 526 2661 praef.
543 2583 581 2640 ad
599 2579 709 2659 Orphei
734 2579 866 2658 Litbica)
885 2600 923 2638 ex
942 2580 1016 2638 locis
1028 2581 1093 2656 qui-

305 2672 428 2732 busdam
442 2671 671 2730 demonstratum
686 2669 742 2727 ivit
762 2688 879 2727 carmen
894 2667 950 2727 sub
963 2668 1090 2748 imperio

309 2761 439 2818 llomano
451 2758 487 2816 ad
505 2776 640 2817 occasum
655 2769 793 2832 vergente
811 2756 952 2834 scripturn
965 2756 1093 2832 itemque

308 2849 417 2906 librum
436 2848 563 2927 primurn
583 2859 612 2904 et
629 2845 764 2922 quintum
782 2843 820 2903 ab
838 2844 896 2902 alia
916 2863 1005 2903 mann
1024 2866 1092 2924 pro-

308 2938 412 2995 fectum
436 2954 514 3008 esse,
532 2936 723 3003 Hermaeum,
746 2933 798 3010 qui
817 2933 849 2990 in
866 2930 1093 2990 celebratissima

306 3026 357 3082 illa
367 3026 403 3082 de
414 3023 621 3100 Argonauticis
632 3021 770 3098 Orphicis
779 3021 984 3080 dissertatione
996 3021 1092 3079 Mane·

307 3115 421 3172 thonem
447 3133 512 3172 cum
541 3125 627 3191 poeta
649 3111 703 3169 illo
725 3110 763 3169 de
787 3111 904 3169 viribus
931 3109 1089 3168 herbarum

307 3217 407 3278 agente
433 3201 647 3258 didacticorum
664 3211 816 3278 poetarum
843 3217 946 3274 agmen
960 3198 1094 3258 claudere

307 3292 400 3369 ponit.
414 3290 468 3348 Sed
480 3289 516 3346 de
527 3289 634 3346 horum
648 3288 832 3368 aliorumque
844 3287 997 3346 sententiis
1013 3308 1094 3345 accu-

307 3393 369 3437 rate
380 3389 581 3457 exposuerunt
590 3381 696 3433 Aetius
706 3388 735 3434 et
746 3379 874 3450 tttglerus
881 3375 914 3432 in
922 3389 1094 3433 commenta·

1136 1607 1183 1685 cuj
1188 1629 1221 1666 us
1235 1610 1278 1666 rei
1300 1629 1386 1667 causa
1402 1629 1463 1667 non
1480 1609 1612 1670 difficilis
1626 1626 1670 1670 est
1683 1626 1846 1692 perspectu.
1856 1617 1907 1668 Au-

1135 1694 1233 1753 dacter
1244 1699 1435 1772 pronuntiare
1449 1698 1559 1769 ausim,
1575 1697 1632 1756 hoc
1651 1702 1775 1776 negotio
1790 1710 1906 1772 suscepto

1136 1784 1269 1842 nennius
1282 1784 1401 1862 quidem
1413 1785 1444 1843 in
1457 1785 1503 1844 his
1516 1784 1699 1845 carminibus
1714 1787 1773 1844 loci
1786 1785 1905 1844 emenda·

1136 1871 1244 1930 tionem
1255 1873 1472 1952 suppeditatum
1486 1874 1537 1938 iri.

1179 1960 1309 2020 tutiores
1318 1960 1451 2036 quidem,
1461 1963 1485 2020 si
1494 1981 1596 2020 eorum
1607 1962 1719 2021 librum
1734 1983 1800 2022 cum
1811 1962 1905 2020 Grono

1136 2047 1220 2105 viana
1243 2048 1372 2107 editione
1388 2051 1622 2126 comparaveris,
1647 2049 1725 2110 bene
1751 2051 1788 2110 de
1810 2061 1906 2108 auctme

1137 2137 1359 2214 corruptissimo
1379 2139 1521 2197 meruisse
1542 2138 1680 2197 censendi
1703 2153 1779 2200 sunt.
1801 2138 1864 2197 Nam
1883 2149 1904 2192 et

1137 2224 1578 2302 verba,Dorvilliialiorumque
1586 2226 1695 2304 opibus
1703 2228 1905 2305 diligentercol·
1966 2253 1967 2256 ¹

1137 2313 1218 2372 lectis
1235 2314 1444 2393 circumspecte
1459 2315 1516 2387 usi,
1532 2316 1618 2373 etiarn
1633 2317 1759 2395 propria
1772 2313 1903 2376 divinandi

1139 2398 1206 2458 dote
1216 2399 1294 2459 hand
1305 2402 1490 2461 mediocriter
1502 2403 1612 2480 adjuti,
1625 2405 1718 2463 multo
1731 2403 1906 2464 emendatiora

1136 2487 1307 2563 ediderunt,
1324 2491 1357 2548 in
1380 2512 1439 2569 qua
1453 2512 1485 2549 re
1500 2492 1561 2569 jam
1583 2503 1757 2554 accentuum
1778 2495 1905 2570 interpun-

1137 2577 1302 2656 ctionisque
1322 2585 1464 2638 correctio
1491 2581 1570 2641 haud
1592 2584 1731 2659 exiguam
1758 2580 1904 2658 requirebat

1137 2665 1340 2740 attentionem,
1356 2680 1385 2725 et
1402 2668 1501 2726 indice
1518 2667 1677 2729 verborum
1696 2668 1905 2748 locupletissimo

1137 2752 1267 2811 confecto
1284 2774 1344 2812 nnn
1355 2755 1450 2814 solum
1465 2755 1668 2816 Manethonem
1681 2756 1854 2835 legentibus,
1867 2752 1905 2812 sed

1137 2841 1243 2917 cuique
1261 2843 1313 2920 qui
1336 2842 1451 2902 abditos
1470 2845 1695 2925 lexicographiee
1719 2865 1816 2923 graeca
1831 2834 1906 2901 tontes

1137 2943 1347 3008 perscrutatur,
1365 2933 1480 3008 egregie
1494 2933 1689 3011 protuerunt,
1700 2938 1766 3010 Quo
1787 2933 1869 3007 magis
1885 2940 1906 2983 et

1138 3017 1302 3075 mirandum
1315 3032 1344 3077 et
1353 3020 1512 3078 dolendum
1522 3034 1577 3094 est,
1592 3023 1672 3098 quod
1687 3023 1773 3082 taedio
1786 3019 1903 3097 quodam·

1137 3116 1170 3161 ut
1182 3104 1329 3183 conjicere
1337 3107 1535 3185 licet,laboris
1547 3109 1626 3168 haud
1639 3111 1730 3169 nimis
1742 3109 1814 3187 grati
1822 3103 1903 3166 obtusi

1139 3211 1232 3267 neque
1247 3213 1317 3271 opes
1337 3214 1404 3254 suas
1420 3197 1490 3254 satis
1508 3211 1641 3257 accurate
1654 3199 1857 3276 disposuerunt
1868 3212 1906 3252 ne·

1139 3299 1194 3354 que
1202 3281 1253 3353 ita,
1263 3283 1306 3340 uti
1315 3295 1458 3361 poterant,
1469 3285 1508 3343 iis
1517 3285 1564 3346 usi
1572 3298 1651 3344 sunt.
1662 3285 1735 3346 Nam
1744 3298 1773 3344 et
1781 3285 1811 3344 in
1820 3297 1904 3342 nume

1138 3368 1179 3426 ris
1197 3389 1335 3428 versuum
1347 3373 1444 3430 indice
1453 3375 1610 3446 contentis,
1626 3388 1655 3432 et
1673 3375 1705 3432 in
1721 3373 1810 3434 variis
1822 3369 1905 3429 lectio-

306 3468 388 3525 tione
400 3467 552 3544 praemissa
560 3485 586 3523 c.
602 3463 646 3533 ll,
661 3485 692 3540 p.
709 3483 786 3522 rvr-s.
1138 3457 1906 3539 nibusadnotationicriticaeinsertismagnainvenimr

346 3554 423 3634 lpsi,
438 3556 471 3611 ut
489 3553 549 3630 jam
565 3553 602 3611 ad
623 3571 723 3610 eorum
745 3571 864 3628 operam
890 3551 1023 3610 accedam
1047 3552 1093 3612 his
1138 3563 1269 3605 errorum
1299 3548 1474 3623 multitudo,
1503 3570 1629 3628 quorum
1654 3552 1706 3629 qui
1735 3551 1770 3610 ad
1788 3549 1835 3606 has
1854 3563 1906 3621 spe·

307 3643 488 3704 carminibus
499 3643 692 3713 utilissimam,
706 3641 752 3700 usi
768 3654 835 3699 sunt
851 3641 909 3699 alio
924 3642 1094 3719 apographo
1138 3646 1226 3708 ctant,
1240 3648 1350 3714 partem
1363 3649 1475 3695 tantum
1497 3638 1529 3696 in
1550 3641 1697 3696 Addendt's
1713 3653 1744 3696 et
1759 3634 1907 3709 corrigendis

306 3733 417 3792 codicis
432 3732 567 3802 llledicei,
579 3731 807 3808 quodscriptum
821 3729 858 3788 ab
872 3730 1024 3788 Holstenio
1039 3733 1093 3789 lla-
1140 3721 1147 3802 (
1161 3744 1191 3800 p.
1213 3726 1447 3802 axami-mm)
1471 3727 1658 3786 sustulerunt.
1676 3725 1755 3785 Tum
1776 3727 1806 3784 in
1826 3738 1906 3780 emen·

306 3822 344 3879 lis
352 3833 526 3891 asservatur,
543 3819 579 3876 de
593 3838 652 3896 quo
663 3817 947 3895 nolorepetereqnae
958 3819 1095 3878 dixerunt
1138 3810 1235 3869 dando
1259 3814 1401 3892 scriptore
1417 3814 1523 3892 sepius
1546 3814 1696 3889 ingenium
1721 3831 1820 3883 suurn,
1835 3825 1905 3884 quem

307 3931 336 3988 p.
353 3931 373 3968 v
387 3930 429 3986 sq.
453 3907 541 3966 ttiud
560 3906 690 3984 ejusdem
712 3906 856 3964 llolstenii
878 3908 1088 3986 apographum,
1139 3902 1230 3977 ipsius
1248 3903 1395 3961 scribendi
1417 3923 1502 3962 usum
1525 3917 1613 3980 atque
1626 3903 1753 3964 aliorum
1773 3902 1807 3960 de
1824 3895 1905 3975 Epicis

307 3998 387 4074 quod
396 3997 556 4071 llamburgi
567 4008 621 4067 est,
632 3994 932 4073 descripseruntibid.
942 3995 1093 4078 p.1v***),
1139 3992 1905 4076 praecepta—cauteillalllanethonianisapplicandt*r

308 4087 391 4162 cujus
413 4084 685 4160 diligentissimam,
700 4083 744 4140 uti
765 4083 892 4154 videtur,
909 4084 1093 4144 collationem
1139 4103 1224 4160 quam
1242 4083 1534 4143 Manethonianornm
1558 4087 1692 4164 ipsorum
1712 4082 1854 4163 propriam
1869 4079 1904 4136 in·

309 4174 413 4232 lt'raltii
443 4171 586 4231 beneficio
605 4184 673 4249 post
695 4170 805 4229 librum
821 4175 900 4248 typis
920 4171 1093 4249 descriptum
1139 4172 1358 4247 vestigationem
1379 4174 1462 4250 sequi
1476 4174 1651 4232 maluerunt.
1670 4174 1904 4246 eostoemoquum

308 4264 384 4321 nacti
405 4263 435 4320 in
448 4263 527 4320 calce
543 4282 574 4336 p.
590 4259 722 4332 πίῃ-ιδῃ
737 4258 849 4337 publici
864 4259 941 4336 juris
957 4260 1094 4323 fecerunt.
1139 4273 1249 4318 tanturn
1261 4261 1293 4319 in
1303 4266 1417 4339 singula
1430 4262 1533 4321 oculos
1548 4275 1733 4340 mentemque
1749 4261 1902 4336 defigerent,

310 4349 440 4426 Utroque
450 4347 618 4427 apographo
631 4367 696 4406 cum
708 4346 809 4406 verbis
821 4347 1018 4408 Gronorianae
1033 4353 1094 4411 edi·
1139 4351 1216 4407 viam
1236 4353 1307 4409 recti
1331 4352 1367 4410 de
1388 4350 1621 4410 Manethonianis
1639 4349 1749 4429 judicii
1764 4357 1903 4410 monstrare

309 4439 399 4496 tionis
409 4439 531 4511 collato,
547 4451 655 4513 quanta
668 4457 734 4495 cum
754 4436 811 4494 fide
823 4435 991 4496 Gronovius
1005 4441 1094 4498 codi-
1139 4440 1257 4516 quidem
1278 4452 1412 4519 poterant
1426 4441 1510 4512 aliis,
1536 4440 1587 4499 sed
1607 4459 1661 4498 nec
1681 4439 1740 4516 ipsi
1759 4441 1903 4498 senserunt,

309 4545 370 4584 ccm
383 4521 470 4583 ‘suurn
489 4526 678 4603 expresserit,
702 4523 815 4599 liquide
830 4537 960 4603 apparet.
982 4525 1017 4584 ln
1036 4530 1095 4606 ple·
1139 4547 1192 4586 nec
1206 4529 1273 4587 aliis
1287 4547 1318 4587 re
1335 4548 1406 4586 vera
1425 4540 1670 4589 monstraverunt.
1692 4533 1795 4588 Verum
1812 4537 1841 4583 ut
1856 4537 1902 4578 me·

310 4615 409 4688 risque
419 4613 537 4690 quidem
549 4626 576 4672 et
587 4613 774 4690 gravioribus
782 4613 874 4672 editio
889 4635 954 4672 curn
970 4630 1094 4694 utroque
1139 4615 1207 4685 lius,
1218 4617 1289 4692 quid
1303 4616 1433 4675 viderint
1446 4631 1475 4675 et
1488 4619 1559 4694 quid
1571 4637 1630 4676 non
1645 4616 1775 4676 viderint
1784 4613 1901 4676 editores,

310 4700 387 4759 libro
401 4703 564 4773 consensit3
586 4702 637 4760 ubi
654 4704 753 4777 aliqua
769 4702 995 4777 deprehenditur
1008 4705 1093 4764 diffe-
1138 4717 1288 4783 appareat,
1317 4722 1459 4764 summam
1488 4705 1696 4781 disputationis
1723 4703 1793 4783 ipsis
1818 4711 1901 4756 eorum

310 4790 419 4861 rantis,
436 4803 485 4847 aut
495 4791 606 4848 codicis
614 4791 736 4849 Medicei
749 4792 900 4848 lectionem
913 4812 929 4850 a
940 4792 1093 4853 Gronovio
1138 4793 1239 4854 verbis
1261 4806 1391 4869 repetere
1415 4793 1510 4870 placet
1536 4794 1584 4870 (p.
1612 4793 1725 4870 xxxiv)
1750 4815 1757 4850 :
1775 4787 1837 4846 «Ex
1857 4783 1900 4850 iis,

312 4878 437 4953 margini
447 4877 609 4938 adnotatam
620 4879 788 4937 Holstenius
798 4881 889 4937 textui
899 4900 951 4936 suo
961 4881 1091 4958 reliquit,
1141 4907 1153 4933 ι
1171 4902 1236 4958 quae
1247 4883 1452 4960 exposuimus,
1470 4881 1655 4957 intelligitur,
1670 4874 1900 4960 Apotelesmatico·

309 4978 370 5040 aut,
383 4964 576 5042 quodsaepins
589 4966 694 5024 facturn
705 4980 759 5038 est,
769 4966 817 5024 hic
825 4968 920 5026 statim
933 4969 1093 5028 correctio·
1141 4995 1153 5022 ι
1171 4989 1236 5027 rum
1251 4969 1345 5029 libros
1358 4969 1396 5029 ab
1413 4967 1678 5029 Alexandrinorum
1690 4969 1822 5048 quopiam
1831 4969 1902 5040 pot*

310 5075 361 5113 nes
375 5067 403 5112 et
417 5065 511 5112 certas
524 5067 553 5111 et
566 5054 645 5112 leves
661 5055 817 5113 scribendo
828 5056 955 5112 admisit.
975 5057 1004 5113 Si
1019 5077 1094 5134 quae-
1141 5085 1153 5110 «
1170 5077 1230 5116 non
1242 5077 1305 5117 esse
1314 5063 1449 5137 scriptos.
1461 5059 1551 5136 AEque
1562 5071 1673 5117 cernam
1684 5073 1727 5117 cst
1738 5053 1844 5116 eosdem
1853 5063 1899 5106 1¹⁰ss

310 5162 408 5202 ramus
419 5155 516 5200 utrum
526 5142 694 5200 Gronovius
704 5162 740 5199 an
753 5141 921 5201 holstenius
930 5145 1093 5204 accuratius
1141 5173 1153 5198 ιι
1171 5165 1233 5205 esse
1246 5147 1338 5206 atatis
1350 5147 1522 5207 Nonniana.
1539 5147 1668 5225 Apparet
1690 5147 1790 5216 etiam,
1810 5141 1898 5199 librum

310 5232 438 5292 codicem
446 5231 636 5309 expresserit;
647 5230 743 5310 priori
755 5231 882 5308 palmam
897 5232 1022 5289 dandam
1032 5253 1093 5292 esse
1141 5260 1154 5288 ιι
1171 5247 1307 5312 quartum
1321 5235 1424 5294 ceteris
1434 5253 1498 5294 esse
1509 5235 1601 5293 multo
1617 5231 1810 5294 recentiorem.
1826 5223 1899 5286 Liber
