3992 6078
247 404 283 452 θα
683 391 916 454 ΠΟΙίΙΜΛΤΩΝ
938 395 1126 456 ΙΛΤΡΙΚΩΝ
1152 400 1202 457 ΤΛ
1225 398 1414 460 hulundi.

335 527 433 603 Δῶρον·
445 527 469 590 ές
482 523 614 592 ἀξυνέτους
627 524 651 581 δ’
663 527 710 582 οθκ
721 525 836 598 έπόθησα
849 535 942 608 περᾷν.

296 613 402 682 Ξανθὴν
415 609 462 687 μέν
476 611 555 692 τρίχα
568 609 648 690 βάλλε
660 612 800 692 μυρίπνοον
812 613 936 684 ίσοθέοιο,

335 692 376 759 Ob
390 700 479 778 λύθρος
489 697 624 779 Ἑρμείαις
633 699 768 778 λάμπεται
781 703 807 759 ἐν
820 702 952 778 βοτάναις,

256 808 279 846 ιο
297 786 400 868 Κρόκου
414 787 441 845 δὲ
454 787 569 862 σταθμὸν
584 787 679 867 φρένας
691 787 794 866 ἀνέρος·
810 791 838 847 οὐ
850 793 901 870 γάρ
914 789 1021 862 οίδηλον.

335 875 423 935 Βάλλε
436 874 518 933 δὲκαὶ
530 874 653 955 δραχμὴν
665 877 803 936 Ναυπλίου
817 877 953 954 Εὐόοέως,

295 962 350 1021 Καὶ
363 962 449 1042 τρίτον
459 965 485 1020 έν
497 963 618 1043 Τρώεσσι
633 964 809 1024 Μενοιτιάδαο
821 970 912 1046 ρονῆος

333 1049 463 1130 Δραχμὴν
475 1049 523 1123 τὴν
538 1049 629 1126 μήλων
641 1051 749 1132 γαστέρι
761 1055 921 1128 σωζομένην.

294 1137 394 1205 Ὁλκδς
406 1139 427 1196 δ’
440 1139 571 1220 ἀργεννοῖο
583 1138 714 1221 πυρώδους
726 1139 807 1199 είκοσι
819 1140 914 1220 βάλλε,

253 1247 280 1284 co
335 1225 428 1286 Είκοσι
438 1225 483 1284 καί
496 1225 599 1305 κυάμου
610 1225 686 1306 θηρδς
696 1231 741 1284 ἀπ’
753 1227 902 1308 Ἀρκαδίης,

295 1311 426 1392 Δραχμλν
435 1314 480 1373 καί
493 1313 564 1393 ῥίζης
576 1312 761 1394 ψευδωνύμου,
772 1315 804 1386 ἣν
819 1316 941 1399 ἀνέθρεψε

333 1404 424 1482 Χῶρος
436 1408 449 1462 θ
461 1402 504 1460 τόν
516 1405 604 1482 Πίσση
617 1405 691 1472 Ζῆνα
702 1403 901 1482 λοχευσάμενος.

194 1482 201 1494 ’
296 1493 362 1550 Πῖον
376 1489 402 1549 δί
413 1491 528 1572 γράψας,
541 1489 634 1570 άρθρον
652 1491 716 1570 βάλε
728 1495 830 1572 πρῶτον
843 1495 885 1549 ἐπ’
899 1493 961 1552 αὐτὸ

332 1573 423 1660 Ἀρρεν
439 1578 475 1637 lot
491 1580 623 1658 δραχμαῖς
632 1578 710 1638 πέντε
725 1579 761 1646 δίς
774 1579 922 1656 ἑλκόμενον,

252 1687 278 1726 aa
292 1669 376 1741 Νᾶμα
387 1667 413 1724 δὲ
429 1664 575 1746 θυγατέρων
589 1667 692 1746 ταύρων
704 1667 747 1725 καί
761 1668 949 1748 Κεκροπίδαισι

332 1754 471 1830 Συγγενὲς,
484 1755 508 1810 οἱ
518 1752 634 1832 Τρίκκης
647 1757 682 1820 ὡς
696 1753 829 1812 ἐνέπουσιν
845 1754 912 1830 ἐμοί.

239 1859 307 1917 (Gal.
317 1861 368 1908 Sec.
383 1857 428 1906 loc.
443 1859 517 1920 lx,l;
528 1872 550 1906 τ.
565 1861 601 1920 ll,
615 1872 638 1920 p.
653 1860 721 1920 ²97.)

299 1974 402 2031 Γαληνού
412 1971 541 2028 ἐξάπλωσις
552 1979 592 2032 τῆς
601 1973 706 2029 Φίλωνος
716 1974 847 2023 ἀντιδότου.

268 2069 306 2118 Ἐν
317 2069 405 2126 τούτοις
414 2073 461 2124 τοῖς
471 2069 550 2118 ἔπεσιν
560 2071 574 2118 ό
583 2069 662 2118 Φίλων
672 2071 759 2119 κελεύει
773 2071 860 2134 κρόκου
868 2073 909 2134 μὲν
923 2083 946 2125 <
957 2072 973 2122 ε’
983 2075 1021 2135 ἐμ·

237 2139 376 2200 θάλλεσθαι,
385 2139 495 2202 πυρέθρον
505 2141 530 2188 δὲ
540 2141 604 2203 μίαν,
614 2142 735 2204 εδρορὸίου
746 2143 810 2204 μίαν,
821 2143 922 2206 στάχυος
939 2143 1021 2204 νάρδου

239 2209 304 2273 μίαν,
310 2211 456 2272 πεπέρεωςδὲ
463 2211 547 2258 λευκοῦ
556 2212 595 2258 καὶ
601 2211 835 2273 δοσκυάμουτὸίσον,
841 2213 951 2275 ἐκατέρου
965 2223 988 2265 <
992 2213 1021 2272 κ’,

236 2281 305 2330 δπίον
314 2281 338 2330 δὲ
347 2281 369 2328 ι’,
376 2284 406 2330 Ol
415 2281 455 2343 μὲν
471 2281 511 2328 οὗν
528 2287 616 2342 πρῶτοι
632 2281 673 2330 δύο
682 2282 759 2344 στίχοι
774 2283 814 2330 τόν
824 2283 908 2345 κρόκον
916 2285 1020 2342 δηλοῦσι,

237 2354 317 2408 ξανθὸν
330 2355 371 2414 μὲν
384 2357 413 2414 τῇ
428 2351 488 2416 χρόᾳ
502 2352 574 2410 όντα,
588 2353 705 2416 τριχοειδῆ
717 2354 742 2402 δὲ
751 2360 780 2417 τῇ
792 2355 921 2412 λεπτότητι.
933 2357 1021 2420 Δύθρον

236 2422 262 2471 δὲ
271 2427 313 2472 τοῦ
325 2423 412 2484 κρόκου
421 2423 489 2484 φησὶν
500 2423 523 2470 ἐν
533 2427 583 2477 ταῖς
592 2423 724 2484 Ἑρμείαις,
736 2424 842 2472 τουτέστι
854 2429 903 2479 ταῖς
917 2430 958 2473 τού
967 2425 1021 2487 ‘Ep-

236 2498 295 2556 μοῦ,
306 2493 437 2556 λάμπεσθαι
449 2491 570 2554 βοτάναις,
580 2493 659 2551 ἐπειδὴ
675 2493 794 2556 μειράκιον
803 2495 948 2556 καλούμενον
959 2496 1020 2558 Κρό·

235 2582 289 2623 κος,
298 2563 347 2625 άμα
355 2567 390 2625 τῷ
398 2563 472 2624 Ἐρμῇ
480 2563 596 2624 δισκεύον,
605 2563 647 2612 εἶθ’
658 2565 732 2619 ἑστὼς
741 2565 901 2628 ἀμελέστερον,
909 2566 1020 2628 ἐμπεσόν·

234 2652 272 2691 τος
284 2636 349 2697 αύτῷ
360 2635 442 2684 δίσκου
451 2639 480 2696 τῇ
490 2635 587 2696 κεφαλῇ,
599 2633 684 2690 συνέδη
695 2633 736 2695 μὲν
744 2633 866 2682 ἀποθανεῖν
877 2635 969 2698 αὐτίκα,
979 2639 1021 2684 τού

235 2707 259 2754 δὲ
272 2705 370 2767 αίματος
380 2707 411 2760 τίς
421 2706 462 2763 τὴν
471 2710 514 2766 γῆν
527 2703 675 2765 ἀναχθέντος,
686 2704 709 2759 ἐξ
719 2704 791 2752 αὐτοῦ
800 2709 868 2763 φῦναι
878 2706 917 2752 τδν
926 2706 1019 2769 κρόκον.

239 2776 380 2838 Λάμπεσθαι
390 2774 411 2823 δ’
425 2776 476 2824 εἶπε
485 2777 526 2822 τὸν
535 2774 625 2835 λύθρον,
642 2775 748 2822 τουτέστι
757 2777 797 2822 τόν
811 2775 857 2823 άπὸ
867 2780 909 2823 τού
920 2779 1020 2838 σφαγέν-

1104 531 1237 593 Discipulo,
1250 531 1359 594 stupidoa
1367 531 1400 580 nll
1410 544 1454 593 ego
1465 543 1524 580 cum
1534 530 1605 580 uiros.

1071 611 1224 670 Fragrantem
1235 608 1378 671 fulvumque
1387 609 1463 673 pilum
1473 609 1541 671 pueri
1549 623 1622 672 cape,
1633 609 1703 670 cuius

1102 688 1187 748 Fulget
1195 687 1275 737 adhuc
1284 687 1372 749 plantis
1382 689 1492 737 Mercurii
1502 687 1542 736 ille
1550 700 1636 749 cruor;

1071 764 1166 814 Pondus
1175 764 1204 812 ad
1220 763 1339 814 humanos
1351 777 1435 814 sensus
1448 764 1589 827 perpendito
1598 763 1710 827 prodens.

1101 841 1161 891 Dein
1175 841 1298 892 drachmae
1313 842 1393 904 pondo
1405 842 1524 904 Nauplion
1535 842 1678 903 Euboicum,

1072 919 1128 968 lnde
1139 920 1297 970 Menoetiades
1307 920 1419 970 occisoris
1429 920 1511 982 ponllo
1520 920 1661 970 drachmam

1100 997 1147 1055 Qui
1159 997 1253 1059 pecoris
1262 997 1342 1051 deusta
1352 996 1478 1047 ventribus
1487 997 1615 1060 excipitur.

1069 1074 1158 1136 viginti
1171 1077 1196 1124 et
1209 1074 1334 1126 candentia
1342 1074 1469 1124 drachmas
1482 1074 1558 1124 indito
1567 1073 1682 1136 damme,

1101 1153 1130 1201 ltt
1144 1151 1245 1202 totidem
1260 1151 1321 1202 labae
1333 1154 1387 1215 post
1398 1152 1449 1202 suls
1461 1151 1598 1211 Arcadica,

1070 1231 1100 1280 ar
1113 1230 1254 1281 drachmam
1268 1231 1340 1280 dicto
1351 1230 1411 1280 ialso
1423 1229 1510 1280 radicis
1520 1229 1552 1279 ab
1565 1229 1616 1292 ipsa

1100 1311 1184 1360 Terra.
1198 1309 1286 1359 Plsseeo
1299 1321 1355 1372 qum
1365 1311 1427 1359 Jove
1437 1308 1502 1358 clara
1515 1309 1605 1358 manet.

1069 1391 1181 1451 cumque
1187 1390 1251 1452 pion
1263 1388 1366 1450 scribes,
1378 1386 1434 1436 voci
1443 1389 1517 1452 caput
1526 1387 1629 1450 amplius
1641 1387 1716 1438 addes

1099 1468 1232 1517 Masculum
1243 1467 1392 1517 Achivorum
1400 1467 1506 1517 nominis
1516 1467 1664 1528 articulum,

1070 1547 1174 1608 indeque
1185 1549 1239 1608 post
1249 1545 1376 1596 drachmas
1385 1559 1502 1609 expensas
1513 1545 1602 1595 sumito
1614 1545 1683 1595 lance

1100 1627 1212 1689 Quinque
1220 1626 1265 1675 bis.
1278 1629 1357 1688 arque
1365 1624 1572 1688 isthaacproridus
1583 1625 1687 1687 excipito

1070 1708 1095 1753 lu
1106 1704 1201 1753 laticem
1216 1704 1279 1752 tauri
1293 1706 1406 1753 namnum
1421 1702 1619 1763 (lccropidarum

1057 1815 1062 1824 .
1100 1784 1133 1830 Ut
1144 1781 1226 1831 retulit
1235 1781 1326 1830 Tricce
1339 1783 1372 1830 ml
1382 1779 1473 1843 inclyta
1483 1779 1615 1842 progenies.

1121 1991 1199 2035 ualent
1209 1989 1326 2047 explicatio
1334 1988 1430 2034 anlldoll
1440 1988 1549 2034 Philonis.

1094 2091 1120 2131 ln
1138 2087 1172 2132 his
1187 2087 1288 2132 uersibus
1300 2085 1365 2130 Philo
1379 2084 1446 2140 lubet
1455 2085 1516 2130 croci
1526 2084 1562 2130 dr.
1571 2085 1672 2142 quinqua
1680 2085 1778 2140 scotici,
1789 2097 1858 2144 pyre-

1068 2168 1112 2212 lhrl
1123 2179 1201 2220 unam,
1210 2165 1331 2222 euphorhll
1346 2178 1425 2216 unam.
1435 2166 1504 2222 spicae
1514 2163 1579 2210 nardi
1588 2177 1671 2220 unam,
1689 2165 1771 2222 piperis
1780 2171 1858 2212 aaran

1067 2247 1110 2291 albi
1119 2251 1143 2292 et
1152 2245 1280 2302 hyoscyami
1287 2245 1428 2302 parpondus,
1434 2246 1550 2300 utriusque
1559 2244 1595 2289 dr.
1603 2245 1744 2302 viginliopii
1754 2257 1812 2291 raro
1820 2246 1858 2291 dr.

1067 2329 1152 2373 decem.
1171 2328 1241 2372 t‘rlml
1255 2327 1346 2385 quidem
1360 2327 1429 2382 igilur
1441 2337 1518 2370 remus
1536 2336 1630 2370 crocum
1647 2324 1762 2376 indicant,
1777 2331 1805 2371 ut
1818 2329 1858 2384 qni

1067 2405 1142 2452 luleus
1152 2408 1229 2452 colore
1238 2407 1267 2450 slt
1278 2411 1302 2451 et
1312 2406 1385 2452 tennis
1393 2405 1422 2449 ad
1431 2404 1528 2450 termam
1542 2395 1771 2460 pilorum'cruorcm
1780 2409 1858 2453 aulam

1067 2488 1128 2532 erocl
1146 2486 1233 2542 dulgere
1248 2486 1356 2532 adhncln
1365 2485 1441 2530 herbis
1455 2485 1560 2531 llercun'i
1569 2484 1627 2529 dicit
1638 2501 1644 2529 ι
1655 2484 1787 2530 adolescens
1795 2487 1859 2531 mum

1067 2568 1153 2612 Crocus
1166 2566 1291 2622 appellatus
1308 2577 1361 2610 curn
1380 2563 1566 2610 llercuriodlsco
1584 2563 1666 2608 ludens
1675 2568 1698 2608 at
1706 2564 1859 2620 negligentius

1066 2648 1197 2699 consistens,
1207 2645 1286 2703 illapso
1297 2647 1321 2689 ln
1332 2648 1402 2701 capul
1410 2645 1479 2701 lpslus
1490 2644 1561 2698 disco,
1571 2645 1648 2688 slahim
1656 2649 1763 2690 πιοτίιεσε
1771 2649 1819 2696 estc
1829 2658 1857 2690 cx

1065 2728 1174 2782 sanguine
1183 2729 1258 2771 autem
1267 2725 1335 2782 ipsius
1348 2725 1373 2768 ln
1384 2728 1470 2770 terram
1479 2727 1531 2768 aclo
1540 2735 1622 2768 crocus
1630 2729 1700 2769 natus
1708 2729 1750 2769 est.
1761 2725 1860 2781 Fulgore

1065 2817 1121 2850 soro
1132 2817 1237 2850 cruorem
1250 2804 1319 2858 dixit,
1334 2803 1377 2849 hoc
1387 2808 1421 2848 est
1429 2805 1560 2857 mnssulncm
1575 2803 1623 2858 lam
1632 2803 1702 2848 ooclsl
1712 2807 1809 2860 propter
1817 2817 1858 2850 oo·

234 2863 272 2902 τος
287 2846 360 2908 alpe,
371 2845 409 2893 διά
420 2846 447 2893 τὸ
460 2845 568 2892 στιλπνὸν
578 2849 618 2901 τῆς
628 2843 699 2905 χρόας
710 2849 752 2891 τοῦ
763 2845 857 2906 κρόκου.
871 2844 983 2907 Γράρεται
996 2847 1020 2894 δὲ

234 2917 262 2966 op
272 2916 342 2978 ,6,0,
352 2915 473 2978 fimum,
483 2914 541 2962 ἀλλὰ
551 2915 590 2961 καὶ
601 2914 687 2969 πεδία,
699 2915 742 2962 ὡδί
752 2932 802 2970 πως
812 2916 825 2962 ὁ
835 2915 925 2977 στίχος,
1066 2885 1121 2930 Ιοτίε
1131 2885 1192 2929 croci
1202 2884 1352 2942 splendorem.
1363 2884 1474 2928 scribitur
1480 2885 1556 2928 aulem
1568 2894 1615 2927 non
1625 2883 1699 2928 solum
1708 2883 1801 2939 plantis,
1816 2885 1855 2928 sad

1065 2958 1089 2998 ct
1097 2955 1182 3009 campis
1190 2954 1214 2998 ln
1226 2965 1292 2998 uersu
1300 2953 1344 2997 hoc
1354 2951 1438 2996 modos

1118 3033 1195 3088 Frdgcl
1204 3032 1279 3077 adhuc
1290 3033 1374 3088 campis
1384 3032 1489 3078 ltcrcurlr
1498 3031 1537 3076 illc
1547 3043 1625 3078 cruor.

1092 3116 1197 3157 celerum
1206 3111 1294 3166 pondus
1304 3111 1366 3155 croci
1377 3110 1412 3155 dr.
1424 3111 1525 3166 quinque
1534 3121 1581 3155 ease
1591 3111 1652 3164 vult,
1663 3123 1734 3168 quum
1743 3111 1860 3156 humanior

1064 3187 1141 3220 aensua
1155 3173 1295 3230 perpendere
1311 3173 1385 3228 iussit,
1396 3173 1434 3228 qni
1450 3173 1551 3228 quinque
1560 3177 1728 3218 numerosunt.
1741 3177 1769 3218 sc
1778 3179 1858 3218 aulem

1064 3237 1099 3280 dr.
1114 3235 1214 3291 quinquo
1224 3235 1287 3281 velle.
1299 3239 1322 3278 ct
1331 3245 1404 3290 neque
1414 3233 1506 3286 obolos.
1522 3244 1597 3288 neque
1612 3233 1689 3284 libras.
1708 3245 1783 3290 neque
1793 3235 1857 3279 allud

1064 3298 1185 3354 quicquam
1203 3297 1259 3350 talc,
1270 3297 1434 3354 persequentia
1450 3299 1627 3351 commonstrat,
1647 3296 1747 3352 primum
1757 3295 1856 3351 quidem

1064 3371 1133 3415 quum
1143 3359 1174 3402 alt
1184 3373 1191 3401 ι

1118 3430 1173 3473 uelo
1183 3427 1297 3473 drachman
1306 3427 1383 3484 ponde
1393 3427 1506 3484 Nauplion
1516 3427 1655 3481 Euboicum,

295 3022 410 3086 Ἑρμείας
419 3023 533 3084 λάμπεται
545 3021 569 3070 ἐν
579 3021 674 3076 πεδίοις.

234 3119 339 3181 Σταθμδν
347 3119 372 3167 δὲ
382 3118 443 3174 ἄξιοί
451 3123 493 3166 τοῦ
503 3117 589 3180 κρόκου
598 3119 667 3165 πέντε
678 3118 782 3180 δραχμὰς
792 3117 865 3178 εἶναι,
876 3119 955 3181 φρένας
965 3119 1018 3172 θαέ-

233 3206 270 3252 ρος
281 3186 352 3238 είπών
360 3189 401 3244 τὰς
413 3189 547 3247 αίσθήσεις,
562 3187 636 3244 ούσας
648 3189 724 3236 πέντε.
734 3189 789 3237 Ὅτι
801 3189 826 3238 δὲ
840 3189 943 3252 δραχμάς
953 3190 1019 3238 πέντε

234 3259 340 3322 βούλεται
353 3259 425 3319 εἶναι,
437 3260 477 3306 καὶ
492 3259 545 3307 ούτε
557 3258 667 3318 ύὸολοὺς,
681 3259 734 3307 ούτε
750 3259 839 3322 λίτρας,
857 3260 911 3306 ούτε
929 3260 984 3307 ἄλλο
996 3276 1018 3308 τι

232 3334 348 3387 τοιοῦτον,
358 3329 500 3377 ἐνδείκνυται
512 3329 551 3377 διὰ
564 3335 610 3376 τῶν
624 3331 688 3390 ἑξῆς,
701 3330 843 3391 πρῶτονμὲν
854 3331 926 3377 είπὼν

295 3433 371 3494 Μίσγε
381 3434 405 3482 δὲ
415 3435 454 3482 καὶ
465 3434 571 3497 δραχμὴν
580 3433 700 3484 Ναυπλίου
711 3434 832 3494 Εύόοέως,

233 3531 274 3579 εἶθ’
283 3531 333 3587 ἑξῆς
345 3529 385 3576 καὶ
395 3533 442 3584 τοῖς
453 3529 529 3583 ἄλλοις
540 3531 669 3591 προστιθείς
678 3529 761 3578 ταύτὸν
771 3529 845 3591 ὄνομα
868 3530 946 3586 τὸτῆς
959 3531 1014 3592 δρα·
1063 3525 1146 3572 deinde
1159 3529 1250 3570 ueroet
1272 3530 1445 3582 consequenter,
1460 3537 1513 3570 cum
1531 3525 1623 3581 reliquis
1641 3523 1753 3569 idemdr.
1768 3535 1858 3570 norun
1927 3571 1932 3578 ,

232 3606 302 3663 tuic.
313 3599 432 3649 Ναύπλιον
442 3600 483 3660 μὲν
494 3597 534 3646 οθν
548 3600 640 3648 Εύδοία
649 3599 676 3648 τδ
687 3601 796 3662 πύρεθρον
807 3601 876 3662 λέγει,
883 3601 940 3649 διότι
953 3601 1016 3650 uac-
1062 3597 1161 3652 ίδηλοίθῑ·
1173 3595 1282 3650 Nililffion
1293 3595 1369 3650 ltaque
1378 3594 1502 3639 Ellb0¹0¹¹¹¹l
1513 3598 1579 3637 W!
1589 3593 1722 3650 Piffllhfflm
1732 3597 1858 3650 implere!

231 3673 297 3727 πλιος
308 3670 381 3734 πυρὰς
395 3669 496 3732 μεγάλας
506 3670 610 3727 καύσας,
621 3672 652 3724 ῶς
661 3687 731 3728 φασι,
742 3673 803 3718 κατὰ
814 3674 854 3719 τὸν
866 3677 907 3729 τῆς
917 3672 1017 3727 niceta:
1062 3666 1124 3722 ⁴l¹¹⁰d
1134 3666 1253 3722 Naulffiffl·
1273 3666 1359 3719 ¹⁰³8ssss
1374 3665 1434 3720 ‘085⁸
1450 3665 1557 3717 ³0⁰0⁰⁸¹⁸s
1567 3667 1594 3708 ¹¹1
1603 3665 1677 3718 λίίῑῦῐι
1688 3665 1750 3710 011·ΰὸ
1762 3666 1857 3711 Buba

232 3743 330 3804 λιμένα,
342 3741 441 3796 πολλούς
451 3745 497 3787 τῶν
509 3739 625 3796 Ἑλλήνων
637 3741 788 3798 ἐξηπάτησεν,
803 3743 834 3794 ὡς
846 3742 882 3788 ἐπὶ
896 3743 974 3804 χώραν
982 3742 1015 3788 εὐ·
1062 3742 1166 3796 portum,
1176 3737 1260 3781 mullos
1269 3739 1360 3781 Graecos
1375 3735 1476 3792 dccepll.
1487 3740 1513 3780 ul
1532 3735 1641 3792 perirent.
1652 3737 1767 3791 tantulum
1777 3737 1808 3780 ad
1819 3749 1858 3782 re-

231 3813 323 3874 λίμενον
337 3811 490 3874 καταίροντας
503 3809 639 3857 ἀπολέσθαι.
656 3809 813 3870 Ἐργάσασθαι
825 3811 849 3856 δέ
867 3827 935 3872 ρασιν
947 3809 1016 3859 αύτὸν
1062 3808 1151 3862 &onem
1163 3809 1243 3863 portus
1254 3806 1326 3850 bonos
1339 3805 1461 3849 habentem
1472 3804 1618 3862 applicantes.
1630 3803 1657 3848 ul
1670 3804 1745 3861 ipsum
1755 3815 1815 3850 roro
1824 3805 1857 3848 oh

230 3888 299 3932 τοῦτο
313 3883 352 3931 διὰ
366 3882 406 3929 τὸν
420 3885 462 3928 τοῦ
477 3880 633 3940 Παλαμήδους
647 3879 751 3927 θάνατον.
767 3881 812 3928 Καί
826 3881 871 3940 μὴν
883 3881 923 3927 καὶ
937 3881 964 3928 τὸ
977 3881 1016 3928 εδ·
1061 3876 1186 3922 Palamedis
1195 3887 1274 3920 necem
1289 3887 1342 3920 eum
1357 3874 1433 3918 leelsso
1448 3873 1548 3918 tradunt.
1560 3877 1590 3919 lt
1599 3877 1686 3918 vercel
1699 3875 1856 3929 eutsswlbiilm

230 3953 323 4016 φόρὸιον
333 3951 508 4013 αἰνιγματωδῶς
523 3949 609 4012 ὁμοίως
622 3949 712 4004 τούτοις
723 3950 845 4010 κέκληκεν,
857 3951 929 3998 εἰπών
1061 3946 1162 3990 1111ίὶ11101
1172 3944 1206 3990 hit
1214 3944 1355 4000 misni-llice
1364 3942 1484 3994 indicavit,
1495 3941 1581 3996 dicent,

293 4058 338 4106 Καὶ
347 4057 424 4120 τρίτον
435 4056 459 4104 ἐν
469 4055 575 4116 Τρώεσσι
587 4052 740 4100 Μενοιτιάδαο
751 4059 845 4113 ρονῆος,
1114 4042 1169 4086 Inde
1178 4039 1317 4086 Menoelltdae
1328 4039 1436 4084 occisoris
1446 4039 1527 4095 ponito
1537 4037 1682 4090 drachmam.
1706 4076 1710 4083 .

230 4129 308 4185 ἐπειδὴ
317 4129 330 4175 d
340 4128 436 4183 ποιητὴς
445 4124 541 4180 ἐποίησε
551 4123 647 4182 λέγοντα
657 4124 696 4170 τὸν
708 4121 841 4184 Πάτροκλον
852 4123 895 4184 (ll.
904 4141 921 4172 π
932 4125 998 4184 849.)
1060 4121 1242 4180 quandoquidem
1251 4123 1318 4177 poeta
1331 4117 1462 4164 Patroclum
1471 4119 1503 4162 sic
1514 4119 1617 4163 loculum
1627 4130 1675 4163 csso
1685 4119 1771 4164 cecinit
1783 4134 1790 4160 ε

291 4197 356 4247 Ἀλλά
369 4211 397 4260 με
410 4195 477 4258 Μοῖρ’
491 4195 546 4250 ὀλοὴ
556 4193 596 4242 καί
606 4195 694 4249 Λητοῦς
707 4192 800 4240 ἔκτανεν
811 4194 874 4252 υίὸς,
1114 4205 1144 4246 ht
1152 4212 1189 4246 mc
1198 4205 1269 4245 Parca
1280 4199 1343 4244 teror
1353 4202 1444 4243 Latona
1455 4201 1478 4242 el
1490 4196 1549 4242 filius
1559 4196 1643 4250 aulerl,

291 4269 389 4330 Ἄνδρων
399 4266 419 4314 δ’
430 4265 556 4328 δύρορθος.
1113 4275 1187 4327 alque
1196 4271 1232 4314 vir
1240 4267 1381 4325 Euphorbus

230 4365 469 4422 Μήλωνδὲ,τουτέστι
479 4362 615 4424 προθάτων,
626 4361 649 4408 ἐν
660 4366 689 4423 τῇ
701 4361 783 4422 γαστρὶ
795 4361 948 4416 διασώζεσθαί
959 4379 1013 4420 φησι
1060 4368 1152 4412 Pecorls
1170 4370 1254 4418 aulem.
1274 4365 1317 4410 hoc
1336 4368 1369 4408 eal
1388 4365 1466 4409 ovium
1483 4363 1601 4408 ventribus
1610 4352 1684 4421 exc'lpl
1693 4365 1852 4422 euphorbium

228 4437 255 4484 τὸ
280 4435 413 4496 Εὒθόθὸῑθί,
437 4433 472 4481 ὅτι
490 4431 565 4494 ,μόνην
579 4431 664 4488 ταύτην
683 4431 711 4478 θῦ
725 4431 902 4491 ῧῑαῧῑῧίώσκῑῑν
917 4433 957 4479 καὶ
975 4433 1013 4481 διὰ
1059 4447 1090 4492 ait
1100 4447 1219 4501 propterea
1228 4443 1288 4500 quod
1298 4443 1338 4487 hos
1348 4442 1406 4487 solos
1415 4453 1462 4486 non
1473 4441 1623 4493 corradicat
1632 4442 1715 4486 ldeolrr
1724 4441 1760 4486 hls
1768 4444 1851 4499 reponi

227 4510 296 4552 τοῦτο
305 4503 403 4552 δυνατόν
413 4504 474 4552 ἐστιν
485 4503 635 4550 ἀποτίθεσθαι
642 4503 695 4550 κατ’
705 4501 810 4558 αύτήντὸ
820 4501 947 4563 φάρμακον·
957 4501 1013 4558 ὀπὸς
1058 4525 1129 4570 how,
1148 4523 1338 4568 medicamentum
1356 4525 1443 4578 ΡΜ,
1463 4525 1497 4566 0⁸1
1508 4525 1584 4566 amm
1598 4521 1750 4577 ,προήκω
1765 4521 1851 4577 pum!

229 4577 248 4625 δ’
259 4578 307 4625 ἐστὶ
318 4581 389 4638 φυτοῦ
398 4592 459 4630 τινος
468 4575 616 4630 ἀκανθώδους
626 4575 650 4621 ἐν
661 4579 689 4636 τη
698 4579 745 4621 τῶν
757 4573 911 4634 Μαυρουσίων
920 4579 950 4635 γῇ
958 4591 1012 4635 puo-
1059 4601 1177 4656 cujusdam
1191 4600 1288 4656 ‘plum
1307 4599 1331 4642 pn
1351 4598 1529 4644 mmmmm
1548 4603 1608 4644 [em
1624 4598 1737 4643 mmm
1753 4609 1850 4650 mm,

228 4647 310 4709 μένου,
324 4645 462 4709 θερμότατος
473 4650 502 4706 τῇ
511 4644 621 4706 δυνάμει,
635 4645 674 4692 καὶ
689 4646 818 4706 γέγραπται
832 4645 882 4704 περὶ
894 4644 965 4692 αὐτοῦ
979 4647 1013 4706 βι-
1209 4681 1213 4692 .
1442 4679 1446 4690 .

227 4715 314 4765 δλίδιόν
326 4733 348 4763 τι
362 4715 461 4776 σμικρὸν
479 4714 544 4776 'loce
557 4718 591 4775 τῷ
607 4714 771 4776 βασιλεύσαντι
784 4719 831 4760 τῶν
846 4713 1010 4775 Μαυρουσίων.
1058 4682 1163 4726 hemme
1172 4679 1330 4731 ahdifflm’
1341 4679 1370 4768 d?
1379 4689 1425 4734 (¹¹¹⁰
1433 4678 1534 4766 ΜΨ
1544 4687 1638 4732 ”arvum
1645 4677 1779 4734 mmmm*
1788 4679 1850 4724 Μ’

227 4787 321 4850 ‚Em
330 4787 371 4834 διό
382 4785 462 4834 ww„
476 4785 554 4845 φησίν,
1057 4760 1234 4806 llaurlianorum
1244 4770 1290 4802 rex.
1303 4761 1378 4812 corpu
1387 4757 1469 4802 delude
1479 4758 1547 4802 Philo
1558 4773 1564 4800 ι

289 4889 399 4952 Δραχμὰ,
409 4889 429 4936 η’
443 4889 560 4952 &woffo
570 4890 686 4952 ,ωρώδεος
698 4889 773 4938 epm
786 4889 870 4954 βρχχ,ι
1110 4877 1195 4932 Viginti
1204 4881 1227 4921 cl
1236 4875 1354 4920 candentis
1363 4875 1482 4920 drachmas
1491 4875 1565 4920 indito
1578 4875 1688 4930 dammae,

226 4983 258 5035 ὡς
268 4979 349 5028 λευκόν
358 4977 439 5040 πέπερι
450 4977 586 5038 σημαίνων·
599 4977 648 5025 έστι
661 4979 684 5024 δὲ
695 4978 902 5040 εὐστομαχώτερον
912 4978 951 5023 καί
966 4977 1010 5037 δρι·
1056 4971 1118 5026 piper
1127 4970 1205 5014 ‘lulum
1217 4981 1257 5026 Ρθί
1267 4969 1311 5013 ¹¹⁰⁰
1320 4969 1461 5022 δίίῑΰίθῦῦῐίδί
1478 4972 1512 5012 ⁰⁵1
1528 4973 1603 5012 &ulem
1614 4968 1729 5014 stomachi)
1738 4979 1843 5013 winmu-

226 5047 1009 5183 ρπύρχχχογχχγρχρβχχ,δ’κξξιρρῠξραρχρρμξγξζίρρίν
1055 5021 1656 5131 illlilltlilt‘iihf'iillhlltil'blitildis
1670 5022 1845 5130 illailla

1056 5128 1128 5172 rochia
1139 5142 1145 5170 r

289 5209 372 5257 Είκοσι
384 5207 424 5254 καὶ
436 5205 529 5268 κυάμου
541 5206 607 5266 θηρὸς
620 5205 660 5252 ἀπ’
675 5205 805 5266 Ἀρκαδίης,

1108 5206 1190 5259 tllgiull
1202 5209 1224 5250 cl
1236 5204 1292 5250 labar
1301 5210 1351 5262 posi
1363 5207 1409 5250 auio
1421 5207 1544 5258 Arcadiam,
