4058 6092
825 483 1042 544 PRAEFATIO.

177 599 459 654 mnauettiedtttomz
665 615 691 660 tn
704 611 882 662 beneditione:

208 689 255 756 34.
278 691 451 762 isse-metite
458 733 667 753 ...........
679 698 876 758 ,ἐστι-ποιεῖν

205 777 253 835 36.
276 775 383 846 άλλονος
392 780 406 807 *
418 781 446 839 έν
459 783 568 861 papam.
580 784 653 842 ,ἀλλ’
664 782 721 850 ὄνος
734 787 760 843 ἐν
773 785 863 868 ῥάμνῳ
874 789 915 865 (4)

205 865 253 936 37.
275 865 289 890 *
302 866 386 949 ἄγραν
393 911 702 932 ................
711 875 856 954 ἀγρυπνίαν
875 873 915 952 (5)

206 955 252 1020 48.
273 953 311 1012 τὼ
318 1000 708 1020 ....................
715 965 753 1042 τῷ
766 965 875 1041 Briggs.

206 1049 253 1116 49.
275 1039 324 1117 μὲν
330 1087 665 1106 .................
674 1093 685 1118 y.
698 1071 758 1127 ,μιν
775 1053 897 1108 Bruuek.

207 1129 254 1187 58.
278 1131 428 1212 άπειρώταν
435 1177 706 1196 ..............
714 1136 858 1217 άττηρώταν
878 1139 916 1216 (6)

206 1219 253 1275 63.
275 1219 313 1296 μ)
323 1217 434 1302 spice-gc
440 1264 671 1286 ............
679 1225 716 1303 μὴ
732 1225 864 1304 πρίστεις,
877 1227 918 1304 (7)

205 1303 253 1364 65.
276 1309 298 1364 εἰ
313 1308 335 1364 δ’
351 1307 421 1389 ὕπαρ
435 1313 511 1368 οὖ-
525 1337 590 1388 μιν.
603 1359 610 1372 .
623 1358 630 1370 .
644 1316 679 1374 ,εἷ
695 1312 742 1391 μὲν
757 1312 806 1394 γάρ
818 1349 853 1358 -
865 1338 919 1392 μα-

424 1397 525 1467 τεόσεις
744 1401 826 1468 τεόεις
837 1403 877 1481 (8)

205 1483 251 1554 67.
273 1484 360 1543 καίτοι
366 1529 558 1548 ..........
561 1547 568 1556 ,
572 1532 699 1549 .......
706 1489 818 1556 καὶτοῖς
836 1489 876 1566 (9)

1674 490 1727 546 xix

992 614 1141 664 tntteinekii
1150 613 1272 664 editione:
1476 617 1505 663 ln
1518 614 1564 662 trac
1574 615 1697 666 editione:

1291 705 1389 759 XXII.

1042 810 1068 850 a.
1090 789 1199 868 ἔριθίζεν
1206 829 1514 848 ................
1521 789 1641 868 έρεθίζειν
1658 793 1697 869 (ι)

1026 897 1068 933 ιι.
1091 873 1226 956 πρώραθεν
1236 917 1504 934 ..............
1511 873 1646 957 πρῴραθεν
1659 880 1697 954 (α)

1026 965 1070 1021 16.
1092 962 1241 1042 κοπτομένη
1250 1004 1477 1024 ............
1484 964 1635 1041 κοπτομένα

1024 1053 1069 1108 36.
1091 1048 1155 1122 ῐίλην
1163 1094 1569 1114 .....................
1577 1052 1641 1112 ὕλαν

1024 1139 1070 1196 55.
1089 1143 1145 1206 πῶς
1153 1183 1562 1202 .....................
1569 1166 1624 1207 πως
1637 1145 1676 1221 (3)

1024 1227 1070 1283 58.
1091 1226 1135 1297 ἠδ’
1148 1229 1294 1307 ὑπερόπτης
1301 1273 1509 1288 ...........
1515 1229 1532 1300 ἢ
1547 1229 1710 1308 ὑπερόπτης)

1023 1317 1069 1392 69.
1092 1313 1164 1375 1’ἐὼν
1172 1361 1540 1379 ...................
1548 1316 1587 1385 ἑός
1603 1319 1642 1400 (4)

1028 1405 1075 1478 98.
1098 1407 1212 1481 πληγαῖς
1219 1447 1565 1468 ..................
1572 1408 1686 1483 πλαγαῖς

1006 1501 1070 1559 ιι4.
1092 1495 1169 1572 χροιῇ
1187 1489 1215 1549 δέ
1228 1496 1252 1549 τ’
1264 1492 1376 1568 ἀμείνω.
1391 1539 1397 1551 .
1411 1537 1416 1550 .
1431 1493 1522 1574 ,χροιά
1534 1493 1563 1551 δέ
1575 1493 1598 1553 τ’
1616 1493 1730 1571 ἀμείνων

145 1612 1729 1639 -———-—-——---——---—.—.—.

179 1683 215 1746 (4)
241 1685 383 1750 Coniectura
403 1697 438 1736 est
455 1688 611 1748 Boissonadi,
630 1707 702 1754 quam
725 1705 804 1739 ueram
827 1688 920 1756 putavit

146 1757 307 1810 Hermannus.
332 1761 437 1810 Adertus
455 1761 603 1815 insI'heecr.
622 1764 726 1829 append.
742 1781 767 1829 p.
782 1781 812 1824 αι)
830 1763 920 1812 mavult

146 1829 251 1888 ὠςόνος
260 1834 284 1884 ἐν
295 1835 381 1900 ῥάμνῳ
390 1835 467 1884 verbis
473 1836 562 1902 junctis
570 1853 623 1886 cem
630 1839 776 1903 precedente
784 1839 918 1888 καθεύδων.

145 1903 192 1952 Sed
203 1907 281 1956 mutto
292 1908 396 1960 uiuidior
406 1921 442 1960 est
457 1911 535 1962 oratio
547 1911 636 1962 adscita
650 1913 765 1978 particula
776 1913 844 1963 ἀλλά.
856 1916 918 1960 Pre-

146 1987 210 2028 terea
220 1980 247 2028 in
258 1983 345 2033 talibus
362 1985 421 2036 locis
436 1987 552 2052 particula
568 1987 723 2054 comparandi
740 2004 790 2037 non
809 1986 917 2053 punitur.

145 2055 206 2107 νισ.
218 2059 291 2108 xiv.
306 2064 349 2124 ³9.
368 2063 409 2112 τι.
426 2066 486 2112 nr.
504 2065 546 2120 ts.
562 2066 603 2112 ss.
624 2067 706 2114 xvir.
725 2081 751 2128 9.
772 2067 869 2113 xvm.
886 2063 918 2110 ao

145 2146 201 2196 sqq.
213 2131 251 2183 Gi.
263 2134 403 2187 Stallbaum.
418 2137 443 2186 in
454 2138 518 2188 Plat.
532 2141 615 2205 Symp.
630 2156 657 2206 p.
673 2155 729 2200 aar,
739 2142 760 2188 E
769 2140 805 2205 (p.
821 2136 918 2195 2468)·

146 2208 181 2254 11.
197 2207 298 2276 Gora).

179 2281 215 2346 (5)
232 2284 271 2334 Sic
284 2286 411 2344 Reislries,
431 2289 498 2353 cujus
512 2289 656 2339 sententiam
673 2289 748 2340 secuti
767 2299 823 2339 aunt
840 2294 865 2341 J.
884 2294 916 2342 Η.

146 2357 220 2408 Voss.
233 2367 305 2424 atque
318 2364 451 2413 llermann.
462 2391 495 2400 -
506 2367 540 2416 V.
554 2365 595 2415 38.
609 2364 711 2414 ltetinni
724 2365 821 2431 quidem
840 2367 918 2428 vulga·

145 2437 203 2490 ῑιιιι,
216 2440 242 2480 ιιι
256 2433 322 2484 locus
332 2445 396 2484 certe
411 2436 510 2501 intelligi
524 2439 614 2504 pessit,
626 2439 668 2489 sed
682 2441 841 2506 corruptelam
860 2440 919 2489 sub-

146 2521 198 2554 esse
210 2519 320 2575 apparet.
332 2509 465 2576 Zieglerus,
477 2513 544 2577 eujus
555 2515 699 2580 corrjecturse
710 2515 773 2565 siam
783 2515 918 2565 muniverat

146 2579 265 2644 sudium,
279 2589 393 2652 proponit
408 2602 415 2636 :
435 2585 505 2650 ὄψιν,
522 2589 566 2638 τὰν
584 2587 657 2646 ίςιδες
669 2626 676 2650 ,
688 2589 730 2639 καὶ
753 2591 786 2655 έῖρ
807 2591 916 2656 prieneus

145 2655 246 2722 έταίρῳ.
256 2659 439 2710 Wurdsworth:
450 2661 516 2727 ὄψιν,
527 2663 598 2724 άπας,
610 2663 664 2715 dee'
673 2657 730 2723 dee,
738 2667 802 2730 λέγει
813 2665 917 2730 μάννσιν

145 2731 237 2796 άταίρῳ
251 2735 293 2784 vel«
300 2737 376 2798 λέγων
390 2736 498 2800 μάννσεν
514 2739 611 2804 ἑταίρῳ,
622 2757 769 2810 quecunque
780 2742 831 2810 quis
845 2739 915 2797 uidit,

147 2825 200 2858 σιαιι
210 2808 274 2856 secio
287 2812 452 2870 communicat,
466 2813 520 2862 coll.
531 2816 591 2864 XV.
606 2815 648 2866 25.
661 2815 724 2864 Mihi
738 2816 794 2864 olirn
807 2815 832 2864 iu
851 2833 917 2865 men-

146 2894 196 2935 tem
208 2885 274 2933 venit
285 2885 357 2948 ὄψιν,
370 2887 459 2953 χάτινα
471 2889 511 2939 σο)
529 2890 556 2938 et
575 2891 641 2954 μέλει
656 2892 765 2955 μάνασον
779 2893 869 2959 ἑταίρῳ
878 2927 885 2951 ,
895 2903 919 2940 et

145 2977 297 3030 qaaecumque
307 2959 350 3008 tibi
362 2979 427 3010 carre
443 2965 492 3012 sint
505 2962 586 3012 indica
599 2966 672 3015 socio.
689 2967 736 3015 Sed
755 2982 818 3015 nuuc
838 2967 918 3016 malim

147 3039 229 3102 priore
242 3045 308 3102 parte
321 3037 463 3102 conjecturas
477 3040 707 3090 Wordsworthiante
724 3041 830 3091 adscita:
844 3039 916 3105 ὄψιν·

148 3117 211 3171 άπας
224 3113 270 3178 (rel
282 3111 348 3176 άτης)
361 3113 416 3164 δσσι
427 3109 492 3176 side,
514 3119 578 3181 λέγει
597 3115 687 3182 parites
702 3119 806 3185 ἑταίρῳ,
822 3116 921 3167 diciret

149 3189 237 3241 iudicet
247 3187 334 3238 sodali.
346 3193 419 3240 ——V.
435 3200 476 3248 4ο.
492 3196 529 3240 De
548 3193 645 3242 untione
664 3193 784 3260 participii
805 3195 919 3260 βεόαῶτα

149 3264 204 3314 side
217 3264 371 3313 Wunderum
392 3263 417 3311 in
434 3265 509 3332 soph.
525 3267 589 3317 OEd.
608 3267 659 3318 Col.
683 3271 725 3318 52.
741 3295 773 3305 -
784 3271 817 3320 V.
830 3278 872 3325 44.
890 3273 919 3317 Ιιι

148 3339 228 3388 serbis
239 3341 289 3388 τῶν
302 3341 430 3404 τραρερῶν
446 3340 554 3406 ὠρέξατο
571 3343 755 3408 interpretandis
771 3345 919 3410 sequendum

147 3413 233 3480 putari
246 3413 375 3482 Toyiernm
389 3415 424 3478 (in
436 3415 538 3480 Briggsii
549 3417 680 3480 editione),
695 3419 734 3468 eui
749 3420 849 3468 similem
866 3437 918 3468 sen·

149 3488 248 3538 tentiam
261 3489 519 3556 pretulitl'ritasclrius
538 3509 564 3558 p.
580 3494 622 3554 67.
641 3521 673 3530 -
690 3498 721 3544 V.
737 3504 780 3558 49.
797 3495 844 3553 lis,
867 3511 920 3560 quse

145 3564 287 3616 Meinelius
306 3567 332 3614 io
353 3565 378 3616 h.
400 3567 418 3618 l.
441 3577 467 3617 et
485 3567 511 3615 in
527 3567 653 3618 Addeiidis
673 3569 813 3630 admonuit,
830 3572 921 3620 accedit

147 3641 232 3697 ιιλιτιίς
244 3650 268 3691 et
279 3642 372 3700 αλιτύν,
384 3642 449 3707 qued
464 3643 606 3694 vccabulum
616 3645 699 3695 ultime
711 3656 819 3712 correpta
831 3646 920 3698 indica·

965 1705 1048 1738 omues
1065 1701 1214 1757 receperunt.
1236 1693 1322 1743 Nescio
1343 1703 1422 1742 tamen
1443 1711 1474 1743 an
1494 1694 1551 1744 huie
1570 1712 1665 1762 quoqne
1679 1697 1730 1747 leco

964 1765 1090 1813 conveniat
1099 1766 1185 1831 quoda
1199 1767 1359 1834 meseriptum
1369 1767 1437 1817 estin
1452 1767 1517 1834 idyll.
1532 1773 1616 1819 XXV.
1632 1771 1690 1823 216.

998 1839 1034 1902 (a)
1052 1839 1088 1890 Cf.
1109 1839 1215 1892 Lebeclt.
1232 1842 1319 1895 Parall.
1337 1860 1363 1909 p.
1384 1844 1631 1895 nestorianam
1653 1846 1728 1912 Suph.

963 1913 1028 1964 Phil.
1042 1918 1099 1971 tta.
1110 1915 1284 1966 Schneidewin.
1299 1917 1323 1967 in
1332 1917 1403 1968 Pind.
1415 1917 1485 1984 Pyth.
1496 1921 1539 1968 tv,
1552 1936 1593 1967 aa.
1603 1948 1635 1956 —
1644 1924 1676 1971 V.
1688 1925 1728 1972 32.

963 1993 991 2036 Iu
1005 1988 1181 2055 interpretanda
1193 2007 1250 2042 rece
1262 1994 1385 2056 ὑπήνεμοι
1397 1992 1542 2066 sequendum
1558 1994 1636 2059 putari
1648 1993 1729 2044 stebe-

962 2062 1041 2112 lisium
1056 2065 1084 2112 in
1104 2069 1203 2114 Pauson.
1218 2068 1266 2117 vol.
1287 2071 1306 2115 l.
1324 2084 1350 2133 p.
1367 2069 1425 2117 255.
1445 2065 1561 2116 Similiter
1577 2070 1626 2133 iarn
1649 2071 1729 2119 statuit

963 2138 1081 2203 Pilenejus
1090 2138 1114 2188 in
1129 2138 1154 2188 h.
1168 2140 1182 2189 l.

996 2211 1031 2278 (3)
1048 2213 1087 2262 Sic
1097 2213 1206 2278 Ziegleru
1216 2223 1313 2264 auctore
1322 2215 1489 2281 optimusVot.
1502 2221 1534 2269 Α.
1549 2221 1623 2268 Recte
1634 2218 1728 2284 opinor.

963 2287 1064 2337 Molesta
1073 2288 1137 2337 enim
1148 2298 1182 2338 est
1196 2289 1310 2354 partiente
1321 2289 1731 2358 ciaclaeeleeopcstposits.1taqne

962 2360 1056 2426 signum
1067 2362 1230 2428 interrogandi
1241 2379 1295 2413 eum
1306 2365 1412 2430 Briggsio
1422 2365 1507 2425 deleri,
1523 2365 1546 2414 id
1557 2366 1621 2431 qued
1633 2367 1730 2416 concin-

963 2435 1025 2486 nitas
1036 2437 1109 2487 totius
1120 2437 1166 2486 loci
1179 2439 1339 2490 commendat.
1353 2443 1414 2490 Nam
1429 2444 1533 2506 Amycus
1549 2457 1598 2489 nen
1617 2441 1665 2490 aliu
1679 2442 1731 2491 leco

963 2510 1034 2577 hujus
1044 2511 1158 2578 colloquii
1177 2512 1304 2580 respondet
1319 2531 1362 2580 per
1380 2514 1598 2578 interrogationem.
1616 2517 1661 2564 llic
1679 2515 1730 2582 pari

963 2585 1079 2635 erationis
1089 2586 1277 2638 conformatione
1288 2588 1371 2655 juncta
1382 2598 1437 2638 sunt
1448 2591 1532 2656 θάρσει
1545 2599 1618 2655 atque
1633 2591 1730 2656 θαρσὲω

962 2669 986 2710 et
994 2661 1064 2728 χαῖρε
1074 2671 1145 2726 atque
1155 2662 1242 2727 χαίρω.
1251 2661 1337 2712 Verbis
1346 2663 1425 2730 χαίρω
1432 2682 1484 2720 πως
1492 2666 1544 2714 ast.
1557 2663 1616 2713 dicit
1626 2669 1731 2730 Amycus

962 2754 987 2786 se
998 2737 1100 2802 gaudere
1113 2753 1155 2803 spe
1166 2753 1232 2788 neure
1246 2737 1358 2801 uictoriae,
1373 2741 1564 2805 quandocunque
1583 2739 1609 2788 iu
1629 2756 1731 2804 conspe·

963 2821 1027 2861 etum
1035 2828 1105 2861 suum
1115 2811 1212 2861 venmnt
1221 2811 1347 2879 peregrini.
1355 2817 1429 2864 Perre
1439 2815 1497 2876 adp
1505 2812 1577 2862 verba
1584 2811 1671 2870 τοιόςδ’
1678 2807 1730 2864 cleu

964 2887 1023 2955 ὁρᾷς
1037 2887 1157 2953 pustulat-e
1166 2885 1293 2944 videntur,
1311 2897 1337 2937 ut
1352 2887 1508 2955 interrogatio
1524 2889 1640 2954 precedat
1651 2881 1731 2954 tque·

965 2970 1062 3027 propter
1082 2971 1172 3011 servato
1192 2961 1307 3011 librorum
1332 2963 1448 3032 scriptura
1466 2961 1483 3025 ἦ
1511 2973 1564 3028 pest
1593 2965 1732 3030 ὑπερόπτης

963 3035 1056 3100 siguum
1070 3036 1235 3102 interrogandi
1248 3037 1324 3103 adjeci
1337 3049 1458 3104 praeeunte
1472 3037 1588 3104 Briggsie.

998 3115 1033 3176 (4)
1051 3112 1123 3162 Multi
1140 3113 1271 3178 probarunt
1281 3113 1376 3164 nautii
1394 3117 1570 3179 conjecturam,
1588 3129 1641 3178 quae
1660 3113 1732 3164 uiolet

965 3196 1077 3237 metmm.
1089 3187 1188 3239 Codices
1207 3199 1230 3239 et
1242 3199 1298 3240 rctt.
1316 3191 1371 3240 edd.
1390 3190 1481 3241 habent
1500 3189 1579 3254 ἀμάς,
1601 3189 1666 3254 qtred
1680 3207 1731 3238 ccr-

964 3274 1061 3329 ruptum
1073 3262 1167 3312 videtur
1178 3280 1208 3313 ca
1221 3265 1288 3330 spec,
1298 3275 1370 3332 atque
1378 3264 1436 3316 inde
1446 3263 1529 3314 eiiinai
1541 3264 1587 3320 ἑὸς.
1602 3262 1639 3314 Gi.
1655 3279 1678 3314 ν.
1693 3281 1731 3325 γι,

966 3337 1029 3388 unde
1038 3337 1135 3389 forsitan
1149 3333 1280 3404 prenomen
1296 3341 1354 3404 ttadc
1368 3339 1393 3389 iu
1411 3340 1475 3390 hunc
1492 3340 1571 3388 lecum
1591 3346 1679 3388 temere
1690 3338 1733 3388 iut-

966 3412 1085 3479 migrarit.
1098 3415 1161 3462 Iul'ra
1170 3430 1194 3466 ν.
1212 3417 1257 3476 173
1266 3413 1380 3464 librorum
1393 3414 1510 3481 scriptura
1521 3414 1580 3477 ἐμὸς
1590 3412 1620 3462 ab
1631 3417 1664 3464 Is.
1674 3415 1734 3462 Vns·

965 3487 1000 3538 sio
1011 3487 1122 3539 similiter
1134 3497 1223 3539 mutata
1234 3499 1268 3538 est
1282 3489 1307 3538 in
1320 3489 1367 3549 ἑός,
1379 3490 1409 3540 ad
1422 3506 1494 3556 quam
1505 3505 1587 3539 recem
1601 3489 1671 3538 simul
1681 3507 1733 3556 per·-

966 3561 1043 3612 tinere
1056 3579 1105 3612 non
1119 3563 1244 3626 ¹immerite
1261 3562 1309 3613 visa
1324 3573 1358 3613 est
1377 3563 1483 3631 Briggsio
1502 3563 1624 3630 scriptura
1644 3562 1732 3612 discre-

967 3638 1046 3704 pentia
1058 3639 1119 3700 ἐών,
1130 3655 1184 3703 quse
1202 3638 1364 3688 aGsislordio
1382 3640 1412 3689 ad
1425 3657 1449 3691 r.
1471 3657 1516 3700 170
1537 3657 1565 3688 ex
1587 3639 1643 3688 Ald.
1663 3640 1732 3690 allata

148 3716 182 3766 rit
193 3715 290 3766 Noekius
303 3717 328 3765 iu
343 3721 434 3783 Opusc.
448 3723 484 3769 11.
498 3735 523 3786 p.
541 3723 596 3772 182.

179 3793 217 3858 (d)
234 3791 360 3842 Videndus
371 3805 405 3842 est
417 3793 515 3844 Ahrens
526 3799 563 3846 De
574 3795 631 3848 dial.
643 3799 705 3848 Der.
719 3813 742 3862 p.
759 3798 816 3862 159.
1669 3864 1673 3872 Ι
1692 3863 1696 3874 Ι

179 3868 218 3932 (ρ)
236 3871 316 3931 Quum
327 3867 420 3916 cedices
431 3869 828 3938 ρτιείιεειιιτρέσειςνελτρέσσιις,
841 3873 921 3940 recepi
964 3863 1037 3931 pugil
1046 3882 1094 3913 πσιι
1112 3864 1282 3915 circumlitio
1300 3864 1346 3914 hnc
1362 3881 1458 3931 quoquc
1475 3864 1595 3914 locutione
1616 3874 1733 3912 rusticitas

146 3945 308 4008 corniceturam
328 3943 469 4002 Fritrschii,
483 3961 554 4010 quem
569 3943 623 3994 ride
641 3962 666 4011 p.
679 3949 708 3994 61
730 3947 760 3996 de
774 3945 821 3996 hee
835 3963 922 4011 genere
968 3957 1061 3989 ntorum
1076 3940 1202 4006 conspicua
1213 3945 1325 3992 este-V-
1340 3959 1396 4006 109.
1408 3940 1489 3990 Verbo
1502 3940 1547 3996 ἔξω
1555 3941 1638 4006 χεῖρας
1650 3939 1733 4002 eontra

146 4019 244 4070 dicendi
257 4019 428 4085 disputantem.
967 4017 1070 4080 αὐχένος
1081 4033 1128 4064 non
1140 4015 1272 4081 intelligere
1286 4033 1323 4066 rue
1334 4017 1424 4076 lateer,
1437 4033 1513 4081 neque
1526 4015 1567 4080 qni
1583 4022 1637 4080 spte
1657 4012 1733 4078 expli·

181 4099 218 4159 (8)
235 4095 340 4145 Voculas
349 4096 370 4144 al
383 4096 426 4160 μὲν
440 4096 487 4160 γὰρ
500 4112 529 4144 ex
543 4095 651 4146 codicum
665 4096 767 4162 vestigiis
778 4097 841 4146 eruit
853 4095 922 4147 Reis-
968 4091 1055 4139 caverit
1066 4090 1155 4140 inveni.
1167 4121 1198 4128 —
1210 4096 1241 4140 V.
1257 4109 1312 4142 riu.
1325 4091 1464 4141 Meinekius
1478 4090 1502 4139 in
1517 4087 1671 4138 adnotatione
1688 4087 1731 4136 du-

147 4170 212 4229 lius,
224 4186 295 4236 quem
307 4179 402 4219 secutus
413 4179 448 4218 est
459 4175 485 4220 J.
505 4174 538 4222 ll.
553 4171 651 4220 Vossius
670 4173 803 4236 Sientgteiisc
817 4191 841 4239 p.
864 4190 921 4237 19⁰·
968 4164 1074 4214 bilimer
1095 4165 1220 4231 timim-tuit
1239 4168 1330 4232 σάρκες
1352 4167 1387 4228 τῷ
1407 4167 1450 4232 μέν
1472 4165 1506 4214 sel
1525 4163 1615 4228 σάρκες
1632 4155 1657 4212 ti
1674 4163 1731 4246 (ἓν.

147 4244 277 4311 Quomodo
291 4245 450 4294 intellexerim
462 4245 533 4294 verba
545 4245 672 4313 apparebit
682 4263 711 4295 cx
720 4247 923 4313 interpretatione
968 4255 1069 4304 quorum
1078 4239 1194 4306 posterius
1202 4240 1295 4290 admisit
1308 4241 1435 4306 Zieglerus.
1445 4238 1508 4289 Mihi
1519 4235 1614 4302 [pridem
1624 4253 1732 4286 onrnrum

148 4321 243 4372 launa.
256 4309 370 4384 ματεύεις
382 4318 447 4368 edidi
459 4335 489 4368 ex
501 4319 622 4370 codicibus
637 4330 661 4370 et
677 4321 768 4372 scholio
784 4322 846 4372 (tait,
859 4323 923 4380 ξλπὶς
967 4313 1083 4363 librorum
1096 4314 1213 4380 scriptura
1225 4316 1322 4365 delendi
1338 4333 1405 4382 pesse
1423 4314 1455 4363 ita
1477 4313 1585 4369 videtur,
1604 4320 1629 4360 ut
1643 4311 1733 4378 σάριιες

149 4397 199 4444 τῶν
213 4394 295 4444 timess
310 4411 343 4442 sc.
356 4395 432 4452 iccio,
445 4395 463 4444 i.
478 4410 501 4446 c,
515 4395 639 4460 splendida
649 4395 720 4460 hujus
729 4397 923 4461 generissofflnja
968 4389 994 4438 δὲ
1010 4388 1040 4437 de
1052 4399 1153 4455 utruque
1166 4407 1217 4438 esse
1229 4390 1319 4440 dietum
1333 4401 1469 4448 statuamus,
1481 4387 1499 4436 i.
1514 4403 1536 4434 e.
1556 4386 1587 4434 de
1604 4390 1695 4452 Amyco
1709 4396 1733 4436 et

150 4471 220 4536 (τῶν
235 4469 327 4532 ὕπνων)
343 4469 443 4536 piscium
458 4485 585 4518 aureorum
600 4479 623 4518 te
637 4469 730 4520 fallunt.
968 4463 1071 4522 Polluce,
1083 4475 1154 4529 atque
1164 4475 1189 4514 ut
1203 4475 1282 4531 postea
1294 4475 1364 4531 poeta
1378 4463 1486 4514 eratione
1496 4462 1606 4510 translata
1620 4476 1634 4509 a
1647 4476 1673 4509 re
1686 4470 1734 4511 sta·

184 4548 218 4610 (9)
236 4549 271 4595 Ex
278 4547 414 4610 conjectura
421 4545 543 4611 setigeri,
552 4561 622 4610 quam
631 4545 707 4612 ipsam
718 4547 814 4598 admisit
823 4548 924 4598 Πηρὼ.
969 4537 1012 4586 tim
1025 4538 1054 4586 ad
1064 4539 1141 4605 ipsaut
1149 4557 1273 4606 personam
1283 4550 1410 4604 utrumque
1419 4535 1554 4587 distinxisse
1565 4534 1682 4602 cogitetur
1692 4551 1734 4602 per

151 4622 238 4672 worth.
968 4616 993 4662 el
1004 4616 1046 4677 μέν
1058 4623 1081 4662 ct
1093 4617 1106 4663 d
1120 4615 1145 4664 δέ
1155 4631 1183 4663 es
1196 4615 1236 4664 illo
1247 4613 1342 4665 dicendi
1354 4629 1447 4682 genere,
1457 4611 1542 4675 dequo
1551 4627 1624 4675 quum
1637 4611 1731 4661 Disseu.

184 4698 223 4761 (ι)
240 4696 423 4760 exconjectura
433 4695 530 4762 scripsi.
543 4700 571 4744 lu
585 4713 652 4746 versu
665 4707 780 4762 sequente
793 4697 833 4749 ed.
843 4699 901 4749 Ald.
912 4703 923 4748 1
968 4688 994 4739 5¹¹
1003 4691 1129 4739 Defflffilll·
1143 4690 1173 4739 ‘1²
1183 4693 1272 4742 C⁰¹⁰⁰=
1285 4708 1309 4757 P·
1320 4692 1379 4750 ²37·
1391 4685 1498 4737 Nim-
1516 4685 1541 4734 5¹¹
1555 4686 1641 4752 ⁰⁶5⁸&
1652 4687 1683 4750 p',
1692 4691 1731 4746 73·

152 4771 225 4822 habet
238 4769 371 4836 βαρέοισιν,
388 4769 485 4834 reliquas
497 4779 588 4818 veteres
602 4771 722 4821 editiones
742 4781 766 4820 ct
780 4772 836 4822 libri
852 4789 922 4822 mictu
967 4763 1008 4814 alii
1026 4775 1203 4831 exposuerunt,
1216 4776 1265 4815 tum
1283 4763 1455 4815 accuratissime
1470 4759 1589 4810 disseruit*
1598 4759 1732 4812 Melrlleore.

151 4836 233 4904 scripti
256 4834 364 4902 prebent
381 4835 510 4898 βοίεσσιν,
530 4837 595 4900 qnod
615 4837 750 4904 Stephanus
773 4839 873 4888 mutavit
898 4838 923 4888 in
968 4836 1483 4905 DeappositioneiuGrrecalingua.Glog.
1504 4837 1575 4884 1838.
1588 4833 1677 4884 Eadem
1688 4834 1733 4884 hn-

151 4915 269 4980 βοέοισιν.
284 4907 331 4960 Sed
345 4925 393 4958 nou
406 4909 485 4957 minos
494 4909 624 4960 verisimile
634 4922 681 4972 est,
695 4913 814 4979 scripsisse
828 4923 922 4978 poetam
965 4914 1005 4978 jus
1017 4913 1062 4962 loci
1075 4914 1210 4980 explicatio,
1224 4929 1294 4978 qnam
1307 4912 1379 4960 modo
1390 4909 1501 4964 iudicavi.
1509 4910 1557 4974 jam
1569 4909 1633 4968 latet,
1646 4917 1671 4959 ut
1681 4909 1733 4976 opi·

151 4991 293 5056 βαρέεσσιν.
308 4987 370 5034 ttam
389 4987 487 5034 Grecos
506 4983 531 5033 in
550 4985 658 5050 legendis
674 4988 795 5037 vocabulis
815 4989 922 5053 βοέοισιν
968 5007 1021 5049 ner,
1033 4989 1058 5038 in
1069 4991 1144 5056 glossa
1155 4995 1266 5040 Laurcot.
1277 5011 1289 5029 u
1299 4991 1323 5037 αί
1335 4988 1387 5052 μέν,
1396 4987 1515 5051 γράφεται
1526 4982 1579 5033 τοῦ
1592 4986 1652 5048 μέν,
1663 4985 1733 5050 ’apt-

150 5069 236 5136 ίμᾶσιν
258 5061 355 5112 lucilius
377 5059 459 5110 credas
479 5059 627 5124 cogitaturos
651 5063 722 5112 luisse
742 5063 772 5112 de
796 5065 923 5116 Homerico
968 5083 1050 5127 seen,
1068 5065 1093 5115 in
1107 5082 1153 5130 qua
1173 5066 1247 5130 glossa
1264 5063 1382 5112 invenisse
1395 5061 1441 5110 sibi
1460 5061 1524 5109 risus
1539 5067 1574 5108 est
1590 5059 1733 5109 Frirzsclrios

152 5145 260 5208 βοέοισιν
273 5140 358 5206 ίράσιν
373 5137 452 5204 (Iliad.
469 5135 506 5201 (ί,
523 5139 593 5202 dat),
610 5141 651 5203 qui
665 5156 746 5189 sensns
761 5139 792 5189 ab
808 5139 855 5190 lroc
871 5143 923 5192 leco
969 5146 1006 5192 De
1020 5151 1084 5208 poet.
1105 5145 1147 5190 Gr.
1164 5139 1242 5188 bucol.
1258 5155 1281 5203 p.
1298 5139 1329 5186 56
1346 5135 1474 5201 genuinam
1493 5142 1570 5200 puette
1582 5134 1732 5201 scripturam.

152 5217 244 5269 menas
254 5220 387 5269 astl’orre
399 5231 444 5280 pre
456 5213 572 5264 librorum
589 5215 703 5282 scriptura
716 5217 800 5280 μέσοις
811 5218 923 5267 lteislies
968 5219 1014 5268 Sed
1028 5213 1158 5267 mitriillud
1174 5213 1292 5279 γράφεται
1303 5211 1349 5260 hoe
1362 5213 1430 5273 lece,
1449 5220 1475 5259 ut
1486 5209 1545 5259 alibi
1562 5225 1733 5278 nonnunquam

152 5293 247 5363 scripsit
261 5295 347 5359 pieac,
358 5290 432 5358 idque
443 5291 588 5342 recentiores
598 5291 701 5342 editores
712 5293 769 5342 inde
778 5309 791 5343 a
801 5293 923 5344 Brunclsie
968 5293 1009 5356 (el.
1022 5287 1158 5355 Bernhardy
1169 5286 1194 5337 in
1207 5286 1287 5337 lecisa
1299 5285 1421 5337 Lobeelsie
1434 5286 1461 5336 iu
1472 5283 1548 5352 Sepla.
1561 5285 1630 5350 Ajac.
1644 5301 1669 5338 ν.
1686 5287 1735 5335 oro

1607 5368 1635 5431 4.

966 3724 1010 3762 est.
1024 3718 1134 3764 Ceterum
1144 3716 1175 3763 de
1186 3714 1232 3764 hoc
1245 3731 1287 3764 usu
1301 3715 1448 3781 pronominis
1461 3716 1500 3771 ἑός
1509 3714 1540 3764 ci.
1553 3719 1586 3764 V.
1597 3733 1622 3765 a.
1635 3718 1730 3765 mn

968 3793 1008 3840 36.
1025 3794 1132 3840 nvn.
1146 3794 1187 3848 43.
1200 3790 1260 3840 Vult
1270 3789 1350 3838 dicere
1361 3789 1407 3839 hue
1419 3790 1472 3839 loeo
1485 3794 1606 3856 Amycus:
1619 3807 1634 3836 n
1652 3799 1673 3837 te
1687 3806 1732 3855 ego
