4058 6092
662 438 868 499 Tflaocalrr
889 438 1075 502 lDYLLION
1098 443 1189 504 XVII.
1688 457 1723 508 35
1809 459 1817 474 ⁰

88 573 289 654 ΙοσὈρχομενδν
301 573 429 656 φιλέοισαι
444 573 620 654 ἀπεχθόμενόν
635 598 698 634 ποτε
712 576 825 648 Θήύαις,

128 661 240 736 ἀκλητος
254 659 302 740 μέν
316 663 397 739 ἔγωγε
410 661 513 738 μένοιμί
529 685 585 738 κεν,
601 665 626 728 ἐς
638 661 666 720 δὲ
677 662 825 722 καλεύντων

127 749 260 830 θαρσήσας
274 749 399 810 Μοίσαισι
414 749 460 808 σύν
470 748 636 829 ἁμετέραισιν
647 749 747 828 ίοίμαν·

126 837 259 920 καλλείψω
273 839 296 897 δ’
309 839 362 898 οὐδ’
376 835 460 914 ὔμμε·
474 836 500 896 τί
512 836 562 918 γὰρ
577 837 698 918 Χαρίτων
713 837 848 918 ἀγαπατύν

127 925 271 1008 ἀνθρώποις
284 925 441 999 ἀπάνευθενς
458 926 498 984 ἀεὶ
511 926 669 1005 Χαρίτεσσιν
679 926 725 1005 ἀμ’
742 926 805 998 είην.

429 1166 585 1192 -οοθῦν

132 1312 415 1394 ΕΓΚΩΜΙΟΝ
428 1313 513 1389 ΕΙΣ
526 1310 905 1398 ΠΤΟΛΕΜΑΙΟΝ,

399 1535 567 1580 ΕΙΔΥΛΔΙΟΝ
587 1529 635 1580 1z'.

126 1717 176 1776 'lix
189 1712 249 1780 Διὸς
263 1709 423 1792 ἀρχῶμεσθα
438 1711 483 1770 καλ
497 1713 521 1776 ές
535 1713 586 1770 Δία
600 1708 694 1786 λήγετε
711 1709 823 1786 Μοῖσαι,

124 1800 259 1860 ἀθανάτων
270 1799 314 1859 τὸν
327 1800 432 1880 ἄριστον
445 1799 509 1870 ἐπὴν
523 1797 625 1878 ᾄδωμεν
640 1797 767 1863 ἀοιδαῖς·

123 1890 224 1968 ἀνδρῶν
239 1886 262 1946 δ’
276 1877 309 1945 αθ
325 1889 488 1963 Πτολεμαῖος
504 1887 540 1942 ἐνί
552 1883 677 1964 πρώτοισι
690 1883 804 1962 λεγέσθω

122 1975 169 2034 καλ
181 1973 301 2053 πόματος
314 1974 360 2034 καί
370 1973 480 2050 μέσσος·
490 1973 560 2052 ὁγὰρ
574 1970 780 2052 προφερέστατος
792 1973 901 2050 ἀνδρῶν,

96 2062 218 2142 σῆριοις,
231 2061 272 2120 τοί
285 2063 396 2142 πρόσθεν
411 2063 455 2142 ἀφ’
471 2058 584 2137 ἡμιθέων
597 2059 724 2137 ἐγένοντο,

123 2150 240 2234 ῥέξαντες
251 2148 321 2208 καλδι
335 2147 399 2229 ἔργα
413 2151 498 2228 σοφῶν
510 2146 640 2227 έκύρησαν
654 2147 760 2205 ἀοιδῶν·

123 2237 205 2320 αὐτὰρ
219 2237 270 2315 ἐγὼ
285 2239 450 2314 Πτολεμαῖον
465 2234 635 2312 ἐπιστάμενος
646 2234 715 2293 καλδι
724 2229 809 2292 ἐἰπεῖν

122 2325 283 2404 ὑμνήσαιμ·
297 2323 372 2403 ipra
386 2323 412 2383 δέ
428 2326 472 2382 καλ
484 2321 618 2382 ἀθανάτων
633 2322 710 2402 γέρας
724 2324 820 2380 αὐτῶν.

121 2413 197 2474 Ὶδαν
211 2417 238 2480 ές
250 2411 423 2491 πολύδενδρον
436 2411 501 2492 ἀνὴρ
518 2409 646 2487 ύλατόμος
659 2409 738 2469 ἑνθών
788 2407 792 2414 ’

83 2524 108 2564 ιο
121 2499 264 2560 παπταίνει
278 2499 417 2581 παρεόντος
432 2498 496 2571 ἄδην
508 2496 586 2556 πόθεν
601 2496 705 2577 ἄρξεται
718 2495 803 2578 ἔργον.

121 2589 148 2736 {zi
161 2589 262 2738 πρθῶτρν
255 2585 411 2735 τριατύαλέξω
417 2585 501 2732 ςέἐφτελ
514 2582 591 2752 rra'p}i
593 2584 695 2744 μοιρξρρῦ
697 2586 789 2658 εἰπεῖν,

148 2700 174 2736 σι
207 2699 234 2735 εα
287 2701 299 2734 ν
313 2700 330 2735 α
349 2698 418 2734 ιοτσν
445 2697 470 2732 τι
492 2697 559 2746 ησαν
613 2697 627 2732 σ
696 2699 721 2734 ν.

162 2767 193 2824 tx
206 2763 326 2847 πατέρων
333 2700 388 2830 είιῖος
400 2763 447 2837 μέν
462 2698 505 2834 ἐῶν
517 2762 621 2820 τελέσαι
636 2760 705 2841 μέγα
721 2761 795 2841 ἔργον

122 2853 253 2932 ,λαγείδας
266 2853 446 2928 Πτολεμαῖος,
458 2850 528 2925 deep
547 2849 601 2908 εσλν
616 2847 784 2928 ἐγκατέθοιτο

84 2961 108 3000 ιο
123 2939 231 3020 βοολάν,
242 2940 274 2998 ἀν
286 2943 332 2999 οὐκ
346 2939 422 3006 ἀλλος
435 2937 499 3018 ἀνλρ
512 2873 562 3004 οόύς
573 2960 601 2995 τε
616 2940 718 3008 νοῆσαι.

121 3033 198 3102 τῆνον
209 3029 254 3088 καλ
269 3025 415 3107 μακάρεσσι
429 3023 518 3106 πατὴρ
532 3023 656 3103 ὁμότιμον
671 3024 761 3097 έθηκεν

123 3117 272 3190 ἀθανάτοις,
287 3116 332 3176 καί
344 3119 367 3174 ol
376 3114 484 3196 χρύσεος
498 3112 575 3190 δόμος
587 3115 613 3171 έν
625 3111 685 3181 Διὸς
699 3111 762 3194 οἴκῳ

122 3203 259 3281 δέδμηται·
275 3200 349 3285 παρὰ
359 3203 382 3262 δ’
396 3202 473 3261 αὐτὸν
488 3199 657 3281 Ἀλέξανδρος
671 3200 733 3282 φίλα
744 3199 816 3269 εἰδὼς

121 3291 236 3374 έδριάιι,
249 3291 380 3371 Πέρσαισι
393 3288 473 3371 βαρὺς
487 3288 542 3355 θεὸς
554 3288 728 3370 αἰολομίτρας.

81 3405 109 3446 eo
122 3379 198 3440 ἀντία
209 3380 232 3440 δ’
247 3378 396 3461 Ἡρακλῆος
406 3377 467 3457 ἕδρα
482 3375 693 3458 κενταυροφύναιο

120 3465 242 3547 ίδροται,
255 3473 368 3547 αττρεοῑο
382 3461 529 3541 τετυγμένα
543 3461 570 3531 ἐξ
582 3461 742 3540 ἀδάμαντος·

122 3554 183 3614 ἔνθα
197 3552 244 3613 σδν
257 3556 373 3614 ἄλλοισιν
385 3551 477 3617 θαλίας
488 3549 543 3630 ἔχει
554 3550 740 3632 οὖρανέδαιοιν,

120 3643 221 3723 χαίρων
232 3643 331 3702 οἰωνῶν
344 3638 481 3723 περιώσιον
492 3641 637 3712 οίωνοῖσιν,

121 3731 177 3790 θττι
186 3729 271 3813 σφέων
287 3727 413 3812 Κρονίδας
426 3726 526 3805 μελέων
538 3724 647 3796 ἐξείλατο
661 3729 761 3807 γῆρας,

81 3839 108 3879 ι
121 3819 245 3879 ἀθσίνατσι
257 3816 285 3876 δὲ
297 3818 437 3876 καλεῦνται
450 3815 488 3874 ξολ
501 3813 604 3882 νέποδες
615 3817 754 3896 γεγαῶαες.

122 3907 203 3988 ἀμφω
218 3905 269 3987 γάρ
282 3903 408 3986 πρόγονός
421 3925 480 3984 σφιν
494 3906 509 3961 θ
522 3902 647 3983 καρτερὸς
662 3902 849 3983 Ἡρακλείδας,

122 3993 263 4078 ἀμφότεροι
278 3993 302 4052 δ’
316 3995 483 4073 ἀριθμιῶνται
498 3993 523 4059 ἐς
535 3989 645 4071 ἔσχατον
661 3989 809 4072 Ἡρακλῆα·

121 4087 159 4164 τῷ
172 4083 219 4143 καὶ
231 4082 288 4142 tasi
304 4079 423 4152 δαίτηθεν
437 4077 464 4159 ἴῃ
479 4078 650 4160 κεκορημένος
663 4078 714 4152 ἤδη

121 4171 243 4254 νέκταρος
256 4169 374 4249 ιδύδμοισ
388 4168 464 4250 φίλιος
478 4171 503 4235 ἐς
517 4167 582 4245 δῶμ’
597 4168 720 4248 ἀλόχοιο,

80 4283 108 4324 ³⁰
120 4264 158 4344 τῷ
173 4258 220 4338 μίν
233 4258 304 4328 τόξον
318 4257 413 4316 ἔδωκεν
424 4254 567 4315 ὑπωλένιόν
580 4279 609 4314 τε
622 4255 761 4338 φαρέτραν,

120 4353 158 4431 τῷ
174 4349 202 4408 δλ
215 4345 344 4428 οιδέριιον
358 4342 486 4406 σκύταλον
500 4343 695 4425 κεχαραγμένον
706 4343 780 4413 ὄζοις.

121 4441 145 4498 oi
160 4439 182 4496 δ’
197 4437 232 4504 είς
243 4433 386 4517 ἀμύρύσιον
400 4432 518 4512 θάλαμον
532 4431 706 4514 λευκοσφύρον
720 4429 809 4499 Ἥύας

121 4525 191 4585 ὅπλα
201 4524 247 4585 καί
260 4522 338 4584 αύτθν
350 4522 442 4601 ἄγουσι
455 4519 589 4600 γενιιήταν
604 4519 664 4586 Διδς
678 4519 740 4579 υἱόν.

121 4613 164 4674 οία
177 4615 201 4674 δ’
216 4615 242 4672 έν
255 4614 388 4672 πινοταῖσι
401 4608 552 4691 περικλιιτά
563 4608 690 4690 Βερτνέκα

81 4723 108 4766 ιν
121 4701 218 4784 έπριπι
232 4699 398 4782 θηλυτέραις,
412 4697 502 4774 ὄφελος
516 4698 584 4777 μέγα
596 4695 792 4775 γιιναμένοισιν.

121 4799 156 4872 τᾷ
169 4789 217 4868 μέν
232 4787 340 4870 Κύπρον
355 4786 446 4866 ίχοισα
458 4784 559 4852 Λαύνας
570 4784 662 4844 πότνια
679 4783 761 4862 κούρα

121 4877 218 4938 κόλπον
233 4879 259 4945 ές
272 4874 356 4948 rodda
374 4871 479 4955 ῥαδινδις
496 4871 635 4950 έςεμάξατο
647 4875 750 4953 χεῖρας.

120 4970 158 5048 τῷ
171 4965 245 5026 οὔπω
257 4963 316 5024 τινά
327 4987 404 5045 φαντι
416 4962 487 5022 ἇδιῖν
499 4961 573 5020 τόσον
589 4959 663 5042 ἀνδρλ
675 4963 814 5039 γυναικῶν,

120 5055 197 5116 ὄσσαν
207 5077 257 5136 περ
270 5055 432 5132 Πτολεμαῖος
446 5050 491 5124 ἑὴν
505 5050 626 5132 ἐφίλησεν
640 5048 747 5108 ἄκοιτιν.

82 5135 138 5218 eod
154 5142 207 5222 μθν
221 5143 381 5225 ᾶναεφιλιῑτα
394 5139 461 5200 πολὺ
475 5138 562 5200 πλέον·
575 5129 626 5198 ῶδέ
639 5160 669 5198 κε
686 5135 774 5196 παισίν

121 5230 256 5312 θαρσήσας
266 5228 425 5313 σφιτέροισιν
439 5227 574 5308 ἐπιτρέποι
587 5215 656 5286 οἶκον
672 5225 788 5300 ἅπαντα,

947 586 1131 644 ,Orchomenum
1140 589 1239 651 amatis,
1250 590 1353 640 inrisum
1362 592 1420 642 olim
1430 593 1531 656 Thebis,

952 684 1000 721 non
1009 677 1108 724 vocatus
1119 689 1162 738 ego
1175 675 1272 738 quidem
1282 677 1398 740 manebo,
1408 680 1433 728 at
1442 679 1468 728 in
1477 680 1544 730 oedes
1554 684 1692 732 vorantium

952 761 1079 812 confidenti
1091 763 1239 814 animosum
1252 765 1324 815 Musis
1336 767 1422 818 nostris
1431 768 1561 830 lestinabm

951 861 996 898 nec
1006 863 1050 898 ros
1063 851 1196 913 relinquam
1203 869 1210 913 ς
1229 853 1286 916 quld
1299 854 1364 903 enim
1379 855 1482 905 amabile
1498 855 1635 908 bominibus
1647 863 1729 922 potest

951 935 1012 998 esse]
1022 937 1073 988 sine
1084 939 1186 990 Gratiis?
1198 941 1292 991 utinam
1300 956 1394 1006 semper
1406 957 1463 994 cum
1472 944 1560 996 Gratiis
1568 948 1662 996 verser!

1242 1154 1406 1181 —40000-

1028 1313 1308 1403 LAUDATIO
1337 1320 1646 1411 PTOLEMAEI·

1200 1552 1373 1608 lDYLLlON
1391 1555 1481 1610 XVll.

951 1715 1040 1762 Alone
1048 1713 1191 1777 principium
1202 1715 1316 1766 iaciamus
1325 1720 1349 1766 et
1358 1719 1383 1767 in
1390 1722 1476 1769 torem
1485 1719 1599 1784 desinite,
1610 1725 1698 1784 ltusn,

949 1804 1122 1854 immortalium
1134 1806 1241 1857 deorum
1250 1809 1370 1872 optimum
1379 1825 1456 1873 quum
1463 1813 1612 1865 celebramus
1619 1819 1727 1867 carmini·

949 1896 1013 1960 δοες]
1023 1897 1148 1947 bominum
1159 1901 1242 1949 contra
1253 1901 1397 1952 Ptolemaeus
1405 1903 1430 1952 in
1439 1904 1522 1966 primis
1530 1906 1616 1957 dicitur

949 1989 973 2036 et
985 1991 1119 2050 postremus
1129 1992 1153 2040 et
1168 1992 1276 2054 medius;
1286 1993 1326 2043 bic
1334 1995 1398 2044 enim
1408 1998 1619 2057 prestantissimae
1634 2005 1672 2050 erl
1685 2002 1729 2050 bo-

948 2080 1059 2144 minum]
1071 2082 1167 2144 beroea,
1177 2084 1219 2145 qui
1229 2085 1287 2133 olbn
1296 2098 1327 2134 ex
1336 2086 1446 2136 semideis
1457 2088 1507 2137 nati
1516 2093 1586 2152 sunt,

947 2172 1019 2222 rebus
1027 2173 1121 2236 magnis
1129 2175 1214 2237 gestis,
1224 2175 1308 2226 doctos
1317 2178 1381 2226 nacti
1392 2181 1448 2228 sunt
1458 2182 1537 2242 vetes3

948 2272 1033 2308 verum
1046 2273 1089 2324 ego
1100 2261 1271 2322 Ptolemaeum,
1284 2263 1446 2319 benedicendi
1456 2267 1559 2330 peritus,

948 2346 1054 2396 carmine
1064 2346 1203 2409 celebrabo;
1214 2348 1321 2398 carnrina
1335 2363 1392 2399 roro
1401 2351 1475 2400 etiam
1485 2353 1657 2404 immortalium
1666 2355 1726 2419 ipso

949 2447 1004 2483 rum
1011 2433 1088 2484 bonor
1099 2435 1181 2498 suat]
1193 2435 1259 2484 ldam
1267 2435 1291 2484 in
1300 2450 1451 2488 nemorosam
1461 2440 1563 2502 lignator
1571 2446 1727 2506 quumrenit‚

949 2521 1123 2583 circumspicit,
1139 2534 1216 2583 quum
1227 2522 1320 2571 allatim
1333 2526 1451 2574 muteriae
1465 2525 1540 2588 adsit,
1551 2527 1616 2578 unde
1629 2529 1726 2592 incipiat

948 2609 1026 2672 opus]
1036 2607 1095 2670 quid
1107 2608 1212 2670 primum
1225 2613 1375 2658 recenseam?
1386 2624 1443 2660 nam
1454 2611 1542 2662 adsunt
1553 2615 1678 2665 munnere
1690 2615 1727 2665 di·

947 2695 1043 2759 cenda]
1052 2695 1140 2758 quibus
1150 2695 1185 2745 dii
1193 2696 1312 2758 optimum
1324 2697 1504 2750 honoraverunt
1512 2713 1604 2764 regum.

978 2784 1141 2846 aparentibus
1149 2784 1227 2846 qualis
1238 2787 1289 2834 erat
1305 2785 1336 2834 ad
1349 2799 1464 2849 magnum
1477 2801 1538 2850 opus
1551 2789 1724 2852 perficiendum

948 2871 1046 2935 lagides
1057 2872 1211 2934 Ptolemaeus,
1222 2873 1317 2935 quoties
1326 2873 1406 2924 animo
1419 2879 1560 2939 conceperat

947 2957 1161 3021 consilium,quod
1173 2972 1223 3008 nou
1236 2959 1298 3009 alius
1306 2960 1343 3009 vir
1354 2961 1489 3024 exmgitare
1500 2965 1606 3025 poteratl

947 3045 1016 3096 illum
1025 3043 1098 3093 etlam
1112 3043 1162 3093 diis
1175 3045 1251 3094 beatis
1262 3047 1330 3107 pater
1338 3047 1556 3107 carpualembonore
1565 3049 1620 3098 lecit

947 3128 1138 3193 immortalibus,
1147 3132 1173 3180 et
1182 3131 1204 3180 ei
1214 3145 1316 3182 aureum
1326 3133 1464 3183 cubiculum
1473 3135 1498 3184 in
1506 3135 1573 3184 loris
1581 3135 1653 3186 domo

946 3219 1096 3267 ambustum
1104 3221 1153 3280 est;
1161 3219 1232 3280 juxta
1241 3233 1297 3270 eum
1309 3222 1390 3270 autem
1402 3222 1536 3272 Alexander
1548 3223 1640 3274 amicus

946 3303 1028 3354 aedem
1037 3303 1122 3366 babet,
1134 3305 1212 3356 Persis
1221 3306 1299 3369 gravis
1305 3306 1366 3358 deus
1374 3307 1437 3370 picta
1445 3309 1516 3359 mitra
1524 3310 1657 3362 redimitus.

946 3405 960 3441 e
971 3391 1066 3456 regione
1074 3395 1156 3443 autem
1165 3392 1232 3444 selles
1242 3395 1352 3445 llerculis
1360 3397 1526 3448 centauricidrn

946 3479 1023 3542 posita
1034 3481 1083 3544 eat,
1097 3495 1128 3531 ex
1137 3482 1207 3532 lrrmo
1216 3482 1343 3533 adamante
1356 3485 1432 3547 factm

947 3568 989 3618 ubi
1000 3581 1057 3618 cum
1070 3567 1124 3618 aliis
1132 3569 1246 3620 ooellcolis
1257 3571 1367 3621 convivia
1375 3572 1464 3636 aptat,

945 3657 1050 3719 gaudens
1060 3657 1147 3707 eximie
1156 3661 1271 3720 nepotum
1282 3660 1422 3724 nepotibus,

884 3801 888 3811 ¹
945 3744 1011 3808 quod
1023 3757 1057 3794 σοι
1068 3759 1153 3795 eorum
1166 3745 1279 3798 membris
1291 3749 1384 3810 iupiter
1394 3751 1484 3799 exemit
1492 3753 1627 3814 senectam,

945 3833 970 3883 et
978 3833 1127 3884 immortales
1139 3837 1259 3884 vocantur
1272 3849 1316 3886 sua
1324 3835 1398 3900 stirpe
1410 3837 1527 3901 prognab'.

945 3921 1062 3972 ambobus
1071 3923 1135 3972 enim
1144 3923 1173 3972 iis
1184 3924 1275 3986 generis
1288 3927 1374 3973 auctor
1383 3928 1421 3975 orl
1431 3926 1499 3976 tortis
1508 3927 1655 3986 Heraclides,

945 4012 970 4060 et
978 4010 1049 4060 ambo
1058 4025 1132 4074 genus
1143 4012 1249 4062 referunt
1257 4013 1288 4062 ad
1298 4013 1411 4063 ultimum
1422 4015 1564 4076 Herculem,

944 4111 1019 4160 quare
1028 4099 1122 4162 quoties
1133 4099 1256 4150 Hercules
1268 4115 1299 4150 ex
1309 4102 1380 4164 epulo
1391 4093 1564 4153 redit'satietus
1570 4102 1620 4164 iam

945 4189 1041 4236 nectare
1050 4186 1150 4237 odorato
1159 4187 1192 4237 ad
1200 4188 1339 4238 cubiculum
1349 4202 1411 4239 carm
1421 4189 1542 4252 conjugis,

944 4274 1013 4323 alteri
1023 4288 1107 4324 arcum
1119 4275 1192 4325 tradit
1200 4278 1225 4326 et
1236 4289 1292 4339 quae
1300 4277 1346 4326 sub
1355 4276 1428 4326 axilla
1438 4279 1545 4340 gestatur
1554 4277 1705 4341 pharetram,

944 4361 1134 4412 dieriterratam
1146 4363 1252 4425 clavam„
1264 4363 1468 4426 signatamnodia.
1556 4405 1560 4416 .
1579 4379 1581 4386 ·
1678 4378 1684 4389 ’

945 4447 1487 4510 atqrrebiinambrosiumthalamumoandidos
1494 4453 1555 4502 talos
1562 4453 1671 4504 habentis
1678 4457 1721 4504 lle-

867 4557 870 4564 ·
945 4533 1071 4600 beaJarma
1073 4535 1306 4600 serantipsumque
1315 4537 1407 4589 ducunt
1419 4539 1622 4592 barbatumlovis
1631 4541 1715 4592 tilium.

945 4623 1021 4686 quade
1030 4637 1088 4673 vero
1097 4623 1160 4673 inter
1168 4624 1298 4687 prudentes
1307 4626 1395 4689 inclyta
1407 4627 1520 4677 Berenice

944 4711 1077 4762 excellebat
1089 4711 1203 4774 feminae,
1213 4726 1300 4776 mamre
1310 4713 1420 4777 voluptas
1428 4714 1580 4778 parentibus!

944 4790 984 4839 cni
993 4793 1099 4852 cyprum
1108 4795 1192 4842 tenens
1201 4791 1284 4842 Dionae
1294 4791 1428 4840 veneranda
1438 4791 1486 4842 filia

944 4879 1063 4942 gremium
1075 4880 1099 4928 in
1108 4880 1234 4931 odoratum
1247 4877 1346 4942 graciles
1355 4893 1441 4931 manua
1449 4879 1567 4932 immissas
1577 4881 1685 4934 detersit.

944 4966 1026 5030 itaque
1038 4967 1130 5016 nullam
1141 4967 1199 5017 daun
1209 4967 1338 5016 mulierum
1348 4967 1400 5016 viro
1409 4969 1504 5018 mnium
1514 4969 1631 5031 placuisse
1639 4969 1722 5034 aiunt,

944 5057 1062 5119 quantrun
1072 5057 1214 5106 Ptolemaeus
1223 5067 1290 5104 suam
1300 5055 1390 5104 amavlt
1401 5057 1535 5120 conjugem.

944 5146 1017 5207 atque
1025 5145 1132 5207 protecto
1141 5142 1309 5193 redamabatur
1318 5143 1395 5193 multo
1408 5145 1497 5208 magis;
1506 5146 1540 5196 sic
1548 5145 1629 5197 liberis

918 5207 924 5288 ί
944 5231 1066 5285 oonfldens
1074 5233 1123 5282 suis
1132 5231 1283 5282 committere
1291 5233 1385 5296 poterat
1393 5231 1494 5285 domum
1502 5235 1596 5298 totam,

1595 5335 1616 5376 θ.
