3992 6078
519 351 689 412 sttuvtLtt
710 353 959 437 Damocritus
980 355 1070 428 QUAE
1091 355 1327 417 SUPERSUNT.

173 479 318 555 Ἐμέσαντι
331 479 434 546 πάντως
445 480 492 552 τήν
508 490 724 562 προσενεχθεῖσαν
736 485 842 566 τροφήν.

131 590 157 626 ro
174 569 228 628 Καὶ
245 569 281 635 ti<
292 569 318 628 δέ
333 569 431 627 διδόναι
446 570 490 627 καί
503 571 558 650 τρῖς
569 571 649 638 αιἰτδις
661 573 796 652 ἐπίτρεπε,

170 654 260 716 Ὅταν
275 657 339 736 μένῃ
353 661 451 734 σημεῖα
463 657 569 738 φαύλων
585 661 742 741 φαρμάκων.

173 745 272 810 Δώσεις
287 748 314 804 δὲ
326 745 370 804 καῖ
382 749 435 813 τοῖς
450 750 599 827 ἐντυχοῦσιν
613 753 742 828 ἑρπετοῖς,

170 837 196 893 Τ
197 839 233 892 ῶν
246 832 356 892 ίοόολων
369 858 396 892 τε
412 834 507 916 θηρίων
519 845 572 902 τοῖς
582 836 722 913 δήγμασιν,

169 919 288 1002 Ὕδρων,
299 927 445 1004 κεραστῶν,
459 924 586 1002 ἀσπίδων,
597 925 642 987 καὶ
654 927 781 1006 διψάδων,

132 1033 157 1069 ιε
174 1009 229 1070 Καὶ
242 1014 294 1068 τῶν
307 1013 428 1090 ἐχιδνῶν,
442 1015 492 1069 τῶν
506 1035 533 1070 τε
549 1013 706 1071 λυσσώντων
720 1017 820 1072 κυνῶν·

174 1097 226 1157 Καὶ
240 1097 291 1176 γὰρ
304 1099 337 1156 τὰ
349 1098 447 1157 τούτων
462 1100 517 1156 ἐστὶ
531 1103 618 1179 φαῦλα
634 1100 766 1179 δήγματα·

165 1188 190 1245 Τ
192 1188 228 1242 ῶν
243 1188 267 1242 τ’
280 1188 309 1243 ἐκ
319 1185 450 1258 Θαλάττης
463 1185 573 1244 ίοόολων
586 1185 689 1246 πάντων
701 1189 804 1262 ἁπλῶς,

172 1273 224 1334 Καὶ
238 1277 289 1331 τῶν
304 1297 332 1330 τε
343 1275 446 1332 λεπτῶν
458 1274 605 1353 λεγομένων
618 1277 760 1357 θηραφίων,

169 1364 297 1442 Σφηκῶν,
311 1363 450 1438 μελιττῶν,
465 1363 607 1442 σκορπίων,
625 1365 780 1439 άνθηδόνων,

127 1471 155 1507 ao
171 1447 336 1524 Φαλαγγίων
351 1472 379 1506 τε
391 1449 542 1526 Θανασίμων
553 1450 598 1509 καί
611 1455 740 1530 μυγαλῆς,

167 1541 224 1608 Ἰῦς
240 1536 375 1596 ἀντιδότου
391 1537 437 1612 μὲν
452 1539 569 1610 πλεῖονῆ
584 1541 705 1620 δραχμήν
721 1541 783 1619 μίαν

171 1622 384 1702 [Αεπτο]καρύου
396 1623 425 1682 τὸ
438 1624 543 1702 μέγεθος
555 1627 600 1684 καί
613 1633 699 1709 μικρῷ
713 1629 801 1703 πλέον,

171 1713 347 1792 Κεκραμένων
362 1711 389 1770 δὲ
404 1714 545 1793 ζωρότερον
557 1717 659 1774 κυάθων
671 1718 746 1775 δέκα.

167 1801 339 1878 Οῖικιῖρκέσει
351 1800 378 1859 δὲ
389 1802 443 1868 τοῖς
456 1806 544 1869 κακῶς
557 1804 721 1882 δεδηγμένοις

126 1908 154 1946 οε
167 1886 254 1956 “Anci
267 1889 457 1966 προσενεγκεῖν,
472 1890 540 1948 ἀλλὰ
553 1891 650 1949 διδόναι
665 1893 792 1959 πολλάκις

166 1977 215 2035 Δεῖ
227 1981 286 2043 τοῦς
297 1975 418 2043 θέλοντας
435 1976 569 2059 ἐξαλεῖψαι
582 1979 641 2048 τοὺς
652 1981 754 2062 φόόους.

166 2066 245 2124 Δίδου
260 2063 288 2123 δὲ
302 2064 366 2144 πρὸς
380 2065 466 2123 πάντα
480 2065 513 2124 τὰ
525 2066 594 2140 πάθη
609 2068 653 2126 καί
665 2069 710 2136 τδις
721 2069 810 2137 νόσους

165 2151 251 2211 Ὅσαι
262 2151 369 2232 φέρουσι
381 2156 418 2232 τῷ
429 2153 517 2236 χρόνῳ
530 2156 670 2234 καχεξίας,

164 2243 189 2298 Τ
190 2239 232 2306 οῦς
248 2241 410 2318 περιοδικοίις
423 2242 550 2322 πυρετούς
561 2267 589 2301 τε
603 2244 648 2303 καί
662 2245 718 2324 [τὰ]
732 2244 818 2326 ρίγεα,

123 2348 151 2386 so
166 2329 283 2388 Μάλισθ’
298 2329 347 2388 ὅσα
364 2328 436 2406 μένει
449 2328 516 2406 μετὰ
528 2330 607 2389 πόνου
622 2330 703 2391 πολύν
716 2333 818 2414 χρόνον,

168 2413 334 2483 Ἀποστάσεις
348 2417 458 2498 φέροντα
470 2417 567 2497 κυρίων
580 2421 677 2493 τόπων,

165 2508 234 2572 Ταῖς
245 2505 487 2583 πνευματουμέναις
500 2530 529 2564 τε
541 2506 644 2585 μήτραν
658 2507 676 2580 ή
688 2511 776 2587 κόλον,

161 2593 244 2654 Ὅσοι
255 2617 283 2652 τε
295 2593 414 2666 κύστινῆ
429 2593 536 2675 νεφροὺς
549 2595 686 2672 άλγήμασι

163 2683 283 2760 Χρονίοις
294 2685 446 2762 ὀχλοῦνται,
459 2683 509 2741 κδν
522 2684 579 2761 μεθ’
593 2689 675 2744 ἑλκῶν
689 2685 706 2758 ἢ
721 2687 808 2749 λίθων.

120 2791 146 2830 ου
160 2769 261 2838 Δῶσεις
273 2772 299 2830 δέ
311 2771 356 2830 καί
370 2779 423 2838 τοῖς
436 2775 573 2844 ήπατικοῖς
590 2773 670 2841 αὐτδις
682 2779 784 2852 καλῶς,

162 2859 300 2938 Ἀνάγουσί
311 2864 335 2918 τ’
348 2862 378 2918 ἔκ
392 2859 509 2941 θώρακος
524 2851 592 2937 αἷμα
607 2863 749 2936 πολλάκις,

161 2949 215 3008 Καὶ
229 2953 282 3015 τοῖς
293 2950 422 3028 τρυγῶδες
438 2949 596 3029 ἀναφέρουσι
613 2950 658 3010 καί
670 2953 756 3032 ὑγρὸν,

159 3033 242 3096 Ὅθεν
258 3035 290 3096 ἂν
304 3037 415 3119 φέρηται
429 3043 519 3112 τοῦτο,
536 3035 583 3098 κάν
598 3041 627 3096 ἐκ
640 3039 794 3117 πνεύμονος·

159 3125 239 3185 Δίδσυ
255 3125 283 3184 δέ
294 3125 340 3184 καί
352 3131 406 3192 τοῖς
419 3126 545 3207 ρήγματ’,
559 3124 575 3197 ἢ
591 3128 635 3186 καί
650 3129 795 3207 σπάσματα

118 3233 144 3271 tc
158 3211 323 3292 Ἐσχηκέναι
335 3214 441 3292 λέγουσι
456 3219 508 3273 τῶν
523 3216 595 3282 ἐντός
608 3241 690 3283 τινος·

159 3299 309 3380 Αἴρειςγίιρ
322 3304 408 3360 αὐτῶν
419 3300 478 3368 rob<
488 3303 581 3371 πόνους
594 3305 639 3363 καί
653 3304 712 3374 τοὺς
726 3306 827 3388 φόὸους.

161 3388 352 3468 Προσενεκτέον
367 3389 395 3448 δέ
406 3391 459 3456 τοῖς
471 3392 568 3472 τροφὴν
583 3392 620 3468 μὴ
634 3394 728 3472 ῥηιδίως

163 3477 309 3554 Πέττουσι,
321 3477 370 3537 κθν
382 3478 499 3538 triduom
512 3480 603 3558 ὀλίγην
617 3484 766 3555 παντελῶς,

159 3564 210 3624 λεί
225 3567 248 3624 δ’
260 3566 417 3634 ἄποξύνουσι
430 3567 475 3626 καῖ
487 3569 657 3647 παραυτίκα·

119 3674 144 3711 ts
158 3653 251 3720 Ὅσοις
262 3657 287 3712 τ’
302 3655 403 3732 ἀνάγκη
418 3656 451 3713 δι’
467 3655 617 3732 ἀποδημίας
633 3667 735 3737 μακρᾶς

160 3743 283 3820 Χρῆσθαι
297 3742 366 3801 πάνυ
381 3740 488 3824 φαύλοις
500 3741 590 3817 ίίδασι,
606 3746 651 3804 καί
663 3745 762 3816 τούτοις
774 3747 842 3808 δίδου

156 3832 212 3898 Τῆς
224 3830 360 3889 άντιδότου
373 3829 421 3906 μὲν
432 3829 492 3889 ὅσον
508 3833 580 3910 ἄγειν
593 3833 746 3914 τριόιόολον,

155 3914 272 3985 Ὕδατος
285 3919 312 3977 δὲ
326 3923 422 3996 θερμοῦ
437 3921 506 3998 τρεῖς
520 3921 632 3988 κυάθους
647 3921 663 3992 ἢ
678 3921 806 4005 τέσσαρας

159 4005 216 4087 Πρὸ
229 4011 275 4078 τῆς
286 4011 381 4087 τροφῆς
394 4007 488 4086 ὥραισι
499 4008 593 4087 τρισὶν,
606 4009 624 4080 ἢ
637 4009 762 4068 πλείοσιν·

119 4115 143 4150 su
156 4099 181 4154 Τ
182 4103 219 4160 οῖς
233 4093 260 4152 δέ
275 4095 336 4172 περὶ
347 4096 437 4154 κύστιν
452 4099 482 4154 ἐκ
496 4096 603 4172 γλυκέος
615 4099 791 4177 κεκραμένης,

159 4187 348 4259 λίμοπτυῑκοῖς
359 4209 385 4242 τε
398 4187 442 4242 καί
455 4185 589 4264 στόμαχον
600 4186 771 4262 ἡλκωμένοις.

156 4272 217 4337 Τοῖς
232 4269 461 4350 ῥευματιζομένοις
473 4271 500 4329 δὲ
512 4271 556 4329 τὸν
568 4271 666 4352 θώραχ’
681 4272 740 4332 ὅλον

160 4360 271 4432 Δόισεις,
286 4359 393 4440 άφίψιυν
409 4361 444 4427 εἷς
458 4359 527 4439 ὕδωρ
542 4360 673 4432 δεσμίδιον

161 4447 269 4520 Πυλίου,
281 4448 310 4506 τὸ
327 4447 374 4524 μὲν
391 4447 524 4526 βέλτιστον
535 4448 552 4519 ἢ
565 4448 595 4505 τὸ
607 4447 749 4528 Κρητικὸν,

119 4555 142 4588 :n
156 4531 191 4594 ἹΙ
206 4539 336 4596 Σκυθικοῦ
349 4535 380 4593 τὸ
394 4538 514 4617 κρεῖσσον
526 4539 542 4606 ἦ
559 4543 603 4594 τοῦ
617 4539 761 4597 Ποντικοῦ·

158 4629 259 4681 (θᾶττον
273 4625 372 4689 στελεῖς
383 4623 433 4702 γὰρ
447 4623 494 4690 τὰς
506 4624 585 4704 φοράς
599 4628 650 4682 τῶν
665 4627 810 4706 ῥευμάτων·

161 4709 205 4770 Ἐν
217 4711 286 4790 τρισί
300 4712 328 4770 δὲ
342 4711 462 4788 κυάθοις,
476 4717 511 4779 ὡς
524 4714 657 4792 προεῖπον,
668 4715 808 4795 πρόσφερε.
862 4777 866 4786 ,

160 4801 233 4864 ’ίίνὲς
245 4800 272 4857 δὲ
284 4801 331 4857 καί
345 4807 398 4866 τοῖς
410 4801 509 4881 σφόδρα
524 4807 645 4860 πονοῦσιν
658 4802 745 4874 ὠτίον,

163 4887 272 4954 ’λνέντες
284 4887 366 4959 αὐτήν
381 4890 407 4945 ἐν
420 4891 511 4964 γλυκεῖ
524 4892 563 4970 τῷ
579 4892 703 4970 Κρητικῷ

124 4996 148 5031 ω
163 4977 204 5040 ti<
217 4977 279 5042 τοὺς
289 4975 383 5056 πόρους
396 4975 514 5035 ἐνέθεσαν
527 4975 594 5055 έριον
609 4975 758 5058 διάόροχον.

161 5063 261 5142 Ἐχέτω
275 5067 298 5122 δ’
313 5069 327 5122 ὁ
341 5074 424 5123 ποιεῖν
438 5065 570 5124 ἀντίδοτον
582 5064 667 5124 θέλων
680 5066 764 5136 καλὴν

162 5153 251 5214 Πάντα
266 5152 316 5232 μὲν
327 5153 413 5236 ιίκριικ
426 5154 459 5212 τὰ
472 5152 594 5235 μίγματα
608 5151 809 5234 τάξηρασμίνα,

948 497 1009 544 Esca
1017 496 1107 556 ingesta
1118 495 1194 556 eiecta
1206 498 1273 558 prius
1284 497 1390 546 vomitus
1398 509 1452 556 oba.

949 582 988 631 Bis
996 581 1062 632 iliam
1071 586 1155 645 terque
1165 585 1267 646 praecino
1275 585 1373 646 raqrotis
1383 583 1453 646 dari,

949 672 1033 719 Donec
1040 670 1125 718 veneni
1136 671 1202 732 signa
1212 673 1353 734 permanent
1364 671 1430 720 mali.

948 757 1010 806 itam
1021 757 1086 806 vaiet
1095 757 1230 806 antidotum
1242 758 1365 820 reptilibus
1374 759 1443 808 maiis

947 845 978 894 st
987 844 1117 894 bestiarum
1131 846 1257 895 virulentis
1267 846 1400 908 morsibus,

947 928 1036 991 Hydri,
1046 933 1157 991 ceraste,
1169 930 1285 993 dipsadis,
1295 933 1379 984 itidem
1386 935 1478 997 aspidis

946 1018 978 1067 st
990 1020 1078 1080 viperas
1089 1021 1114 1068 st
1122 1019 1188 1068 canis
1196 1033 1269 1080 quern
1281 1021 1358 1071 rabios
1366 1026 1483 1086 oooupst3

947 1107 1009 1154 Sunt
1019 1119 1124 1169 nunqua
1133 1121 1227 1156 morsus
1237 1109 1325 1158 horum
1336 1109 1405 1160 ratde
1415 1111 1494 1172 noxii;

946 1194 1033 1244 Ohshrt
1042 1195 1140 1244 marinis
1151 1196 1263 1263 omnibus
1272 1196 1349 1246 beluis
1357 1211 1468 1260 quoque,

946 1284 978 1331 st
985 1296 1046 1345 quas
1054 1283 1160 1333 minutas
1169 1284 1258 1334 bestias
1268 1287 1366 1346 vocant.
1378 1299 1444 1348 apes,
1517 1319 1519 1322 -

947 1369 1096 1432 crabrones,
1106 1383 1206 1433 vespas,
1215 1371 1335 1434 scorpios,
1344 1385 1446 1424 araneos

946 1461 1039 1517 Mures,
1052 1462 1076 1508 et
1084 1459 1214 1520 perniciem
1224 1473 1280 1522 quas
1290 1460 1350 1510 dant
1358 1461 1492 1525 phalangia.

946 1543 1055 1593 antidoti
1064 1547 1146 1595 autam
1156 1547 1210 1608 pius
1217 1560 1291 1609 quam
1299 1548 1424 1598 denarium
1434 1549 1515 1611 dabis,

946 1632 1001 1679 Nux
1011 1636 1129 1692 quantum
1141 1632 1268 1698 [aretiana]
1280 1638 1324 1685 sut
1336 1650 1463 1700 panamper
1474 1638 1592 1702 amptius,

945 1717 1027 1768 Mixtis
1035 1721 1208 1771 moracioribus
1217 1723 1311 1785 cyathis
1320 1723 1410 1774 decern.

946 1807 978 1855 nt
991 1808 1112 1857 morsibus
1123 1809 1234 1871 malignis
1243 1823 1292 1858 uon
1304 1811 1362 1860 satis
1372 1812 1446 1860 seusei

945 1894 1189 1958 otierreantidoturu‚
1202 1897 1244 1947 scd
1255 1897 1324 1948 dabis
1336 1899 1499 1961 frequentius,

945 1983 968 2032 Si
978 1985 1006 2031 tu
1016 1985 1095 2033 metus
1106 1997 1137 2034 ex
1150 1987 1203 2035 toto
1212 1999 1282 2036 curos
1290 1987 1383 2036 toliere.

945 2070 1013 2120 tdem
1023 2073 1124 2134 propina
1135 2073 1194 2122 vitia
1206 2074 1322 2124 adversus
1331 2076 1413 2125 omnia
1421 2078 1447 2125 et

944 2159 1042 2208 ttorbos
1050 2160 1092 2222 qui
1101 2162 1180 2223 spatio
1191 2175 1294 2224 orarum
1306 2163 1415 2224 prebent
1425 2166 1522 2228 corpori

945 2247 1082 2308 Habitum,
1094 2249 1124 2297 ad
1138 2249 1215 2300 tebras
1224 2249 1366 2312 redeuntes,
1375 2253 1465 2314 rigores
1473 2253 1516 2301 dtu

944 2337 1080 2385 perstantes
1091 2349 1146 2386 oum
1156 2337 1292 2398 doloribus,
1303 2338 1453 2389 abscessibus

943 2423 1064 2486 originem
1076 2425 1117 2486 qui
1128 2424 1187 2474 dant
1201 2427 1309 2476 iocorum
1322 2428 1473 2491 principum

943 2512 1113 2575 inclusumque
1123 2516 1192 2562 utero
1202 2513 1286 2563 tlatrrm
1295 2515 1334 2564 rei
1344 2513 1429 2566 haum
1443 2517 1507 2579 coti,

943 2601 1042 2660 siquos
1054 2601 1132 2650 vesica
1142 2601 1213 2651 torsit
1222 2602 1260 2651 vat
1273 2615 1341 2652 rencs
1349 2602 1401 2665 diu,

942 2685 997 2736 stre
1006 2687 1069 2737 adsit
1078 2688 1157 2748 uicus,
1165 2689 1216 2738 siro
1225 2691 1337 2752 torquant
1345 2691 1414 2752 lapis,

942 2776 973 2823 Et
983 2775 1003 2824 si
1010 2774 1079 2836 iocur
1087 2776 1211 2838 negotium
1221 2778 1326 2840 praeben
1338 2778 1408 2828 dabis

943 2861 997 2912 nite
1006 2863 1143 2924 coquanter
1151 2866 1293 2928 sangninem
1305 2866 1470 2931 educentibus,

942 2953 973 2999 Et
985 2955 1082 3013 ρεοῐοτο
1090 2953 1246 3003 ioecutontuna
1256 2967 1301 3016 pus
1311 2954 1481 3018 reddentibus,

942 3041 1042 3089 suatur
1051 3040 1224 3105 undecunque,
1233 3042 1265 3092 sit
1274 3043 1357 3105 outmo
1367 3043 1437 3105 iicat;

942 3128 1063 3179 Praebehis
1074 3129 1146 3178 etiam
1159 3131 1236 3192 ruptis
1244 3133 1287 3180 aut
1298 3130 1374 3182 ruisis
1383 3131 1472 3195 quibus

941 3219 1011 3266 lutus
1025 3217 1122 3268 vulsum
1134 3220 1177 3268 aut
1186 3221 1285 3282 mptum
1294 3220 1429 3283 quidquam
1438 3233 1490 3272 ssss
1503 3221 1607 3287 dictiura

941 3305 979 3354 sic
987 3317 1046 3354 cura
1055 3307 1130 3355 tristis
1139 3307 1222 3369 sicque
1233 3308 1337 3369 pelletur
1347 3309 1425 3360 dator.

941 3394 1082 3456 Propinahis
1093 3408 1164 3456 porro
1178 3395 1275 3458 egrotis
1285 3397 1327 3459 qui
1338 3409 1387 3446 non
1401 3401 1513 3461 coquunt

940 3481 1042 3542 cibum,
1053 3483 1109 3532 ticet
1120 3483 1280 3545 uaunittuium
1291 3487 1443 3548 comeserint,

939 3573 1060 3622 Aocscnnt
1070 3584 1155 3621 rerum
1169 3571 1237 3634 queis
1246 3585 1400 3636 quacunque
1409 3575 1564 3637 ingesserant.

940 3662 990 3709 Neo
999 3672 1048 3708 non
1058 3660 1157 3722 propina
1166 3673 1227 3722 quos
1237 3661 1300 3724 cogit
1316 3661 1433 3722 protectio

941 3747 1082 3808 Longinqua
1091 3747 1161 3809 aquis
1172 3747 1207 3796 uti
1221 3748 1291 3810 tongc
1301 3748 1451 3813 deterriruis3

940 3836 982 3885 itis
993 3835 1094 3884 antidoti
1106 3838 1225 3897 quantum
1234 3835 1322 3901 pendet
1333 3837 1511 3889 senaidraobma

940 3929 1015 3986 aquae
1025 3924 1125 3973 calentis
1135 3924 1227 3986 cyathis
1238 3925 1317 3974 tribus
1328 3930 1371 3976 arri
1380 3929 1498 3990 quattuor

940 4012 1010 4060 ituris
1018 4015 1076 4061 anta
1086 4013 1168 4062 cibum
1177 4013 1251 4062 ternis
1260 4013 1302 4064 des
1311 4016 1349 4064 rat
1361 4015 1470 4078 pluribus
1474 4033 1483 4078 ς

939 4100 1024 4148 Vosics
1033 4102 1115 4149 autem
1127 4101 1193 4162 tam,
1204 4100 1284 4150 ovino
1293 4101 1358 4151 dutci
1370 4103 1439 4154 dabis

939 4188 1081 4238 Antidotum
1090 4191 1266 4251 temperatum
1276 4189 1334 4240 itam
1342 4190 1412 4241 dabis
1421 4191 1510 4254 quihus

939 4277 1187 4338 Suutsanguinotenta
1198 4281 1279 4341 sputa,
1288 4279 1407 4328 stomachi
1416 4281 1460 4330 aui
1469 4282 1562 4342 υΙοετες

940 4368 971 4414 st
980 4366 1055 4414 totius
1065 4379 1127 4427 quos
1138 4364 1256 4416 fluxiones
1269 4367 1371 4429 poetoris

938 4455 1043 4512 vexant,
1054 4453 1196 4504 fasciculum
1209 4454 1266 4516 potii
1276 4453 1412 4516 decoquens
1420 4468 1499 4517 aqua,

939 4541 1096 4602 (praestant
1108 4547 1190 4591 autern
1201 4543 1289 4593 Cretici
1302 4543 1342 4592 vei
1352 4543 1457 4604 Scythici

937 4631 986 4682 Aut
996 4631 1088 4679 Pontici
1102 4632 1180 4693 potins
1188 4668 1195 4693 ,
1204 4642 1260 4678 narn
1272 4629 1341 4679 sistes
1351 4630 1496 4693 rheumata)

937 4721 1033 4779 ternis,
1044 4720 1072 4767 ut
1082 4721 1138 4767 anta
1148 4718 1210 4777 dixi,
1221 4719 1315 4781 cyathis
1324 4719 1418 4768 otiaras.

938 4807 1041 4865 Quidam
1053 4807 1176 4856 doloribus
1185 4807 1319 4869 permagnis
1328 4807 1437 4868 aurium,

939 4895 1010 4944 Duioi
1021 4895 1158 4956 subigentes
1170 4896 1280 4954 Cretico,
1293 4894 1413 4945 meatibus

939 4988 1027 5033 tanam
1037 4983 1137 5032 antidoti
1152 4985 1245 5046 liquore
1258 4985 1372 5046 irriguam
1382 4987 1511 5038 collocant,

938 5076 1013 5122 Porro
1023 5072 1159 5121 antidotum
1169 5073 1259 5122 bouum
1269 5074 1311 5135 qui
1324 5087 1458 5137 praeparare
1469 5077 1524 5128 vuit

940 5165 962 5212 a
971 5165 1059 5214 cunm
1070 5139 1158 5212 uisas
1169 5161 1328 5216 mutuum
1339 5163 1410 5224 uror
1417 5165 1505 5233 prum,
