3992 6078
847 315 1058 376 ruentum.

146 441 203 498 boc
216 442 337 501 nomine
350 442 496 516 integrum
507 442 594 518 plane
607 444 712 522 suique
722 445 817 503 simile
832 447 931 504 existi-

146 531 286 590 mandum
299 532 348 590 sit.
365 530 463 600 Quare
482 551 602 609 prorsus
617 532 690 590 mihi
707 534 929 593 dissentiendum

144 633 189 680 est
219 620 256 679 ab
283 618 464 695 editoribus,
485 621 537 696 qui
559 640 586 697 p.
610 640 688 678 xxm
713 636 818 699 praeter
842 643 930 700 quar-

145 723 207 768 tum
219 714 271 768 vix
294 709 388 767 ulium
416 721 576 767 ceterorum
602 708 747 768 librorum
773 712 930 789 interpola-

145 800 226 858 tione
238 799 326 878 plane
336 817 440 856 vacare
451 797 603 870 dixerunt,
620 799 668 857 sed
682 820 740 857 000
753 800 930 860 demonstra·

143 900 223 948 runt.

183 975 261 1034 Num
280 976 386 1054 primis
406 973 477 1032 libri
500 979 616 1032 secundi
631 974 786 1034 versibus:
813 975 930 1036 Πάντοτε

141 1063 192 1139 μὲν
208 1063 318 1140 κόομοιο
340 1076 369 1122 et
389 1082 454 1140 quae
469 1077 642 1140 sequuntur,
664 1083 781 1120 carmen
809 1064 930 1123 inchoa-

143 1165 206 1210 tum
220 1152 323 1224 luerit,
339 1171 375 1212 an
389 1164 477 1231 poeta
488 1171 525 1210 ex
538 1151 724 1230 popularium
741 1171 821 1209 more
835 1151 931 1210 Musa-

143 1260 211 1298 rum
223 1255 273 1299 aut
287 1239 442 1299 Stellarum
455 1252 505 1297 aut
516 1240 564 1298 dei
575 1237 700 1317 alicujus
715 1239 928 1300 invocationem

143 1331 329 1406 premiserit,
355 1328 488 1388 dubitari
509 1341 613 1405 potest.
633 1326 708 1386 Mihi
736 1328 852 1404 quidem
873 1330 931 1388 hoc

142 1436 202 1474 non
215 1418 310 1476 solum
320 1417 478 1496 probabile
489 1428 533 1474 est
546 1415 585 1474 ob
600 1416 692 1474 moris
706 1415 786 1472 illius
800 1437 930 1475 commu-

141 1523 209 1562 nem
224 1525 328 1576 usum,
344 1506 397 1583 qui
412 1506 537 1562 maxime
556 1515 671 1580 poetam
687 1502 807 1560 decebat
818 1524 930 1562 summa

139 1605 171 1649 et
184 1594 381 1668 grandissima
394 1613 496 1652 ausum
509 1605 590 1650 -et
603 1591 671 1669 quis
683 1592 793 1650 nesciat
810 1595 890 1651 Arati
903 1608 930 1652 et

140 1681 255 1740 Manilii
278 1683 489 1760 prooemiorum
511 1681 700 1757 gravitatem?
721 1681 929 1739 -sedetiam

139 1784 308 1848 propterea,
322 1770 402 1848 quod
413 1771 477 1848 ipse
487 1769 558 1828 libri
571 1767 668 1826 ultimi
679 1780 708 1824 et
722 1767 822 1840 initio,
837 1769 928 1840 Musa,

139 1858 277 1935 Apolline
295 1871 323 1917 et
348 1859 494 1916 Mercurio
514 1857 596 1915 velut
623 1867 785 1933 coeptorum
811 1877 928 1916 suorum

139 1945 276 2022 patronis
293 1947 467 2017 nominatis,
484 1958 513 2003 et
528 1945 561 2002 in
575 1945 656 2002 exitu
674 1941 765 2000 Musis
779 1955 808 2000 et
821 1943 929 2004 Sideri·

138 2033 196 2092 bus
208 2035 377 2092 solemniter
390 2034 566 2104 valedicens,
580 2032 616 2089 ad
623 2029 825 2106 hujuscemodi
837 2034 929 2094 intro·

136 2123 307 2182 ductionem
321 2124 469 2200 respicere
478 2122 606 2180 videtur.
619 2124 678 2178 Nec
689 2139 777 2177 causa
785 2119 926 2198 obscura,

136 2210 178 2268 ob
191 2231 279 2289 quam
297 2212 414 2289 ineptus
431 2211 535 2269 borum
550 2209 695 2268 librorum
710 2211 930 2271 consarcinator

135 2319 201 2356 eam
216 2299 350 2376 rejecerit
364 2320 370 2355 :
382 2317 420 2356 ne
432 2299 544 2357 scilicet
554 2315 607 2375 per
616 2295 760 2354 indicium
778 2297 824 2352 vel
835 2301 928 2378 impe·

136 2387 282 2446 ritissimo
294 2387 400 2466 cuique
409 2386 596 2465 perspicuum
610 2385 688 2442 iraus
702 2381 928 2462 etabususpnte·

136 2487 192 2534 ret.
207 2473 303 2544 Quum
317 2487 413 2532 tamen
432 2494 469 2532 ne
482 2473 525 2532 sic
538 2473 658 2550 quidem
674 2489 721 2528 res
731 2469 767 2528 ad
782 2471 927 2549 liquidum

136 2563 263 2639 perduci
273 2577 375 2641 queat,
387 2577 416 2622 et
427 2564 463 2620 ad
476 2562 647 2620 sententiam
657 2573 685 2618 et
698 2559 777 2635 ipsas
790 2580 837 2620 res
853 2563 926 2622 nihil

130 2651 217 2724 'biet,
234 2651 345 2710 lacunae
360 2652 513 2727 signanon
527 2650 660 2727 ponenda
672 2647 786 2721 putavi.

176 2739 316 2799 Versibus
338 2747 428 2806 ι-ι40
452 2739 623 2796 necessariae
648 2741 781 2814 quaedam
797 2759 928 2818 compre·

134 2829 305 2888 benduntur
321 2836 447 2886 notiones
461 2847 469 2884 :
485 2827 522 2884 de
535 2826 603 2884 Sole
624 2839 652 2884 et
664 2827 745 2887 Luna
762 2852 773 2886 1
794 2843 822 2886 et
842 2851 878 2901 23
892 2831 928 2888 de

134 2919 227 2977 stellis
237 2919 316 2990 fixis,
330 2918 438 2996 partim
453 2915 646 2974 lucidioribus
662 2921 768 2996 partim
782 2917 927 2978 obscurio·

134 3007 218 3066 ribus
230 3009 316 3078 3-13;
328 3007 364 3065 de
375 3007 506 3084 quinque
514 3003 617 3063 ceteris
627 3006 751 3082 planetis
763 3018 827 3078 ι4-ι
836 3031 863 3079 7,
876 3009 926 3067 ubi

133 3119 163 3154 v.
180 3118 213 3170 ¹7
226 3097 322 3154 statim
333 3097 452 3165 indicat,
466 3112 582 3152 carmen
593 3113 676 3151 suum
690 3095 721 3152 in
732 3096 856 3173 planetis
871 3117 926 3174 po-

134 3185 280 3244 tissimum
295 3183 467 3242 enarrandis
481 3195 664 3238 versaturum
677 3203 755 3256 esse,
773 3183 809 3241 de
825 3185 928 3242 axibus

133 3272 299 3330 caelestibus
311 3273 401 3330 18-21
414 3293 422 3343 ;
438 3270 475 3328 de
485 3270 599 3328 duobus
616 3271 693 3347 polis
706 3273 815 3343 aa·26;
832 3272 868 3330 de
880 3293 926 3330 or·

131 3361 223 3420 bibus
238 3361 301 3420 caeli
315 3363 347 3419 in
363 3360 532 3419 universum
552 3379 644 3436 07-09
654 3382 663 3431 ;
675 3360 711 3418 de
725 3380 832 3418 novem
846 3361 926 3419 orbi·

133 3449 190 3508 bus
202 3447 415 3528 principalibus
426 3449 529 3518 30-32;
541 3460 569 3505 et
579 3447 697 3522 quidem
706 3447 742 3505 de
753 3461 863 3526 septem
875 3451 925 3527 qui

132 3539 228 3598 oculis
238 3559 297 3597 000
317 3550 476 3596 cernuntur
492 3537 601 3610 33-34,
617 3556 778 3613 eorumque
795 3539 924 3596 nomini·

133 3632 208 3686 bus:
228 3627 264 3686 de
276 3626 389 3684 boreali
411 3625 447 3682 35
468 3644 526 3702 sq,
545 3625 647 3682 aestivo
663 3627 712 3698 37,
727 3626 924 3702 aequinoctiali

134 3721 173 3772 38
186 3736 243 3794 sq,
260 3715 385 3774 hiberno
398 3723 451 3788 40,
469 3713 588 3772 australi
602 3721 636 3781 ir
652 3733 709 3789 sq.;
726 3713 763 3772 de
773 3714 926 3772 horizonte

132 3821 160 3864 et
178 3805 341 3864 meridiano
363 3805 474 3878 43·t9;
491 3815 551 3859 tum
566 3801 602 3860 de
614 3801 730 3861 duobus
741 3802 792 3879 qui
806 3823 926 3861 cernun-

133 3911 194 3965 tur,
211 3894 261 3952 via
280 3895 371 3952 lactea
384 3905 414 3950 et
429 3891 547 3950 zodiaco
566 3890 676 3962 51-56;
695 3904 755 3948 tum
771 3905 924 3968 postquam

133 3984 264 4042 breviter
286 3983 322 4040 de
343 3982 492 4039 latentium
517 3980 630 4038 ratione
646 3980 788 4057 explicuit
812 3981 921 4052 57-63,

130 4073 234 4131 eodem
248 4072 351 4129 ordine
360 4069 492 4128 omnium
511 4087 614 4125 novem
634 4067 812 4125 circulorum
834 4070 922 4127 situm

131 4163 297 4220 accuratius
311 4157 509 4237 persequitur,
523 4155 682 4227 sideribus,
700 4153 809 4233 quibus
825 4157 924 4232 singu-

132 4249 230 4308 lorum
242 4249 316 4308 situs
328 4246 478 4316 delinitur,
494 4247 681 4315 enumeratis,
696 4247 818 4312 64-140.
833 4245 867 4303 ln
878 4246 924 4304 his

132 4339 210 4398 baud
222 4336 379 4396 infeliciter
390 4334 504 4412 priores
515 4345 615 4411 poetas
635 4333 785 4390 aemulatus
799 4353 861 4391 esse
877 4336 922 4392 vi-

131 4431 228 4498 detur,
237 4423 408 4484 nominatim
421 4424 541 4479 Aratum
552 4420 752 4492 etManilium,
763 4421 922 4498 apudquos

131 4517 241 4576 similia
254 4516 399 4590 leguntur.
412 4511 514 4570 Nullus
528 4523 624 4570 tamen
636 4530 672 4568 ex
682 4510 728 4567 his
744 4510 826 4567 locus
840 4511 923 4567 indi-

132 4605 193 4664 cari
204 4617 309 4683 potest,
319 4621 405 4679 quem
419 4601 470 4659 ille
480 4601 613 4658 servilem
627 4599 658 4656 in
671 4599 789 4658 modum
802 4602 839 4656 sit
854 4601 921 4656 imi-

132 4709 220 4752 tatus.

171 4783 237 4840 lam
250 4781 342 4861 ipsam
355 4799 416 4839 rem
431 4797 584 4854 aggressus
590 4785 713 4853 primum
725 4776 809 4834 docet
820 4797 920 4835 omnes

132 4870 285 4949 stellas(h.
301 4891 327 4928 e.
349 4870 489 4947 planetas,
508 4866 620 4924 namin
643 4865 748 4922 borum
769 4867 920 4924 constella-

133 4963 213 5020 tione
224 4957 320 5016 Nostri
331 4957 466 5015 doctrina
476 4955 656 5030 continetur)
667 4955 696 5010 in
707 4962 765 5009 ,0ιο
776 4975 920 5030 quamquo

132 5051 240 5106 aedibus
258 5049 364 5104 faustas
386 5064 449 5102 esse
474 5051 598 5115 ι4ι-47;
616 5058 680 5108 turn,
705 5043 783 5120 quod
805 5042 919 5100 duobus

133 5133 269 5196 versibus
294 5135 348 5202 ι48
369 5153 414 5212 sq.
440 5133 580 5190 indicavit
603 5144 820 5206 argumentum,
847 5131 917 5206 quid

1715 343 1761 384 VH

977 447 1107 523 quinque
1120 450 1244 524 planetae
1258 453 1311 506 alii
1321 453 1440 508 aliorum
1454 452 1486 509 in
1498 452 1636 514 domibus
1649 456 1762 532 signifi·

976 549 1052 607 cent,
1062 549 1140 594 certo
1150 536 1256 594 ordine
1266 537 1453 614 persequitur
1465 537 1706 618 ibo-341,quem
1719 565 1763 602 or·

976 622 1073 681 dinem
1084 625 1170 682 etiam
1181 627 1213 682 in
1226 623 1415 702 sequentibus
1427 625 1538 703 ubique
1545 642 1691 689 servatum
1702 633 1764 692 brec

976 710 1074 769 tabula
1083 712 1191 770 clarum
1203 712 1313 772 reddet.
1325 711 1537 792 Exponitenim
1549 717 1620 792 quid
1628 721 1764 779 Saturnus

976 799 1006 856 in
1020 804 1096 857 lovis
1110 801 1222 858 aedibus
1241 803 1328 859 iaciat
1341 815 1369 859 et
1382 809 1444 860 uice
1454 825 1540 860 uerso
1558 806 1679 879 rso-65,
1691 811 1763 886 quid

976 887 1005 944 in
1024 893 1127 946 Martie
1146 889 1215 946 binc
1230 890 1266 947 ad
1285 891 1352 962 176,
1368 891 1440 967 quid
1459 893 1490 950 in
1505 896 1677 950 Veneris-
1694 919 1760 974 190,

975 977 1046 1051 quid
1062 977 1093 1034 in
1110 982 1244 1034 Mercurii
1256 1009 1296 1022 -
1308 998 1382 1054 2⁰93
1405 980 1477 1054 quid
1490 983 1604 1056 Jupiter
1616 983 1647 1041 in
1660 988 1763 1046 Martis

977 1100 1012 1108 —
1027 1087 1100 1136 ano,
1120 1067 1151 1124 in
1173 1071 1287 1124 Veneris
1298 1101 1338 1111 -
1354 1067 1428 1140 045,
1440 1069 1471 1126 iu
1486 1072 1671 1128 Mercurii-
1686 1075 1759 1148 265,-

975 1151 1047 1227 quid
1058 1157 1141 1210 Mars
1152 1153 1183 1211 iu
1197 1158 1311 1211 Veneris
1319 1189 1360 1198 —
1368 1175 1438 1230 aqo,
1447 1155 1479 1213 in
1490 1159 1627 1216 Mercurii
1635 1192 1675 1204 -
1688 1161 1761 1232 3123

974 1239 1044 1312 quid
1063 1245 1156 1298 Venus
1169 1244 1200 1300 in
1212 1245 1346 1300 Mercurii
1358 1277 1398 1287 -
1414 1244 1481 1314 341.
1497 1243 1564 1302 Jam
1576 1245 1613 1304 ad
1628 1249 1721 1304 Solem
1735 1261 1765 1306 et

974 1331 1081 1386 Lunam
1101 1341 1313 1407 transgressus,
1334 1351 1406 1407 quos
1422 1344 1455 1390 ut
1470 1331 1605 1390 dominos
1623 1334 1686 1392 caeli
1700 1333 1770 1411 jam.

974 1415 1060 1474 initio
1070 1419 1251 1488 nobilitavit,
1268 1416 1369 1476 codem
1379 1419 1482 1478 ordine
1494 1421 1567 1497 quid
1576 1423 1714 1480 Saturnus
1723 1459 1762 1468 -

975 1503 1044 1576 346,
1057 1508 1213 1582 Jupiter-
1228 1507 1297 1578 352,
1312 1511 1443 1564 Mars-
1453 1508 1528 1582 358²,
1543 1512 1761 1583 Venus—360,

974 1593 1131 1651 Mercurius
1143 1637 1184 1646 -
1201 1595 1257 1652 360
1279 1596 1310 1652 in
1324 1593 1430 1654 Leonis
1442 1596 1541 1672 signo,
1554 1598 1634 1674 quod
1648 1611 1689 1656 est
1707 1599 1763 1658 do-

974 1681 1116 1740 micilium
1129 1685 1217 1750 Solis,
1237 1697 1266 1741 et
1280 1683 1352 1758 quid
1363 1685 1502 1740 Saturnus
1515 1719 1551 1729 -
1566 1686 1635 1758 367,
1650 1691 1764 1763 Jupiter

973 1801 1012 1811 -
1024 1770 1182 1840 371,Mars
1192 1804 1231 1814 —
1242 1771 1310 1842 378,
1323 1773 1466 1827 Venus-
1479 1771 1548 1847 382,
1560 1774 1763 1830 Mercurius-

975 1857 1030 1912 386
1043 1859 1074 1915 in
1084 1856 1204 1932 Cancro,
1215 1879 1278 1936 quae
1290 1871 1334 1916 est
1344 1862 1434 1916 brnoe
1445 1859 1557 1929 domus,
1569 1859 1708 1932 efficiant,
1718 1883 1763 1920 re-

973 1958 1080 2005 censet.
1106 1947 1256 2004 Postremo
1274 1946 1345 2023 quid
1358 1949 1411 2004 Sol
1432 1947 1464 2005 iu
1486 1967 1539 2006 sua
1550 1981 1590 1992 -
1602 1950 1676 2025 390,
1692 1952 1763 2027 quid

973 2036 1053 2088 Luna
1067 2033 1098 2091 in
1110 2054 1161 2092 sua
1174 2068 1213 2078 -
1235 2036 1305 2110 393,
1320 2035 1392 2110 quid
1407 2035 1479 2094 alter
1493 2036 1526 2094 in
1543 2036 1663 2096 alterius
1675 2039 1762 2098 domo

973 2119 1162 2197 portendant,
1177 2125 1315 2202 exponit,
1329 2157 1368 2167 -
1381 2125 1448 2199 396.

1013 2207 1067 2267 Hic
1078 2217 1201 2284 primum
1214 2211 1314 2288 operis
1327 2221 1438 2288 partem
1451 2209 1585 2270 desinere
1599 2232 1636 2270 ne
1651 2215 1698 2272 cui
1711 2214 1763 2273 du·

972 2296 1053 2354 bium
1069 2298 1292 2375 relinqueretur,
1307 2293 1460 2376 poetajam
1471 2299 1527 2375 397
1538 2319 1581 2376 sq.
1596 2301 1632 2358 ad
1642 2321 1687 2374 ea,
1697 2323 1762 2380 quie

972 2387 1117 2462 exposuit,
1132 2387 1178 2444 his
1197 2386 1296 2444 verbis
1309 2386 1429 2464 respicit
1445 2407 1452 2444 τ
1469 2390 1537 2446 Τοῖα
1550 2387 1597 2462 μὲν
1611 2390 1762 2461 ἀλλήλων

972 2473 1050 2539 οἴκοις
1064 2473 1142 2556 ὁρίοις
1153 2497 1181 2532 τι
1200 2473 1327 2555 παρόντες
1338 2477 1363 2534 Τ
1364 2472 1504 2552 εύχουσ’...
1512 2474 1653 2534 Versibus
1666 2476 1760 2537 tribus

972 2564 1022 2636 qui
1037 2576 1210 2640 sequuntur,
1221 2564 1340 2620 alteram
1353 2573 1466 2640 partem
1477 2583 1540 2639 quae
1551 2576 1639 2621 restat
1653 2567 1759 2644 operis,

972 2663 1113 2726 quatenus
1136 2651 1210 2708 illud
1229 2651 1388 2710 sideruma
1408 2651 1652 2726 contemplatione
1670 2655 1759 2730 proii-

972 2731 1100 2802 ciscitur‚
1117 2730 1196 2788 clare
1217 2731 1349 2806 designat
1371 2749 1378 2788 :
1397 2727 1532 2800 Ἀληθείην
1555 2737 1644 2788 πᾶσαν
1665 2729 1760 2810 βιότοιο

973 2815 1161 2897 Σύγκραοις
1174 2815 1278 2896 trinpn’
1291 2814 1538 2897 ἐπιμαρτυρίαι
1550 2813 1757 2898 τι-Ἄστρων

972 2905 1110 2980 ἀλλήλοις,
1127 2926 1193 2984 quae
1209 2906 1326 2985 quidem
1340 2925 1409 2984 pars
1429 2923 1489 2964 oon
1509 2905 1603 2963 solum
1617 2905 1705 2984 hujus
1722 2908 1760 2965 li-

971 2995 1017 3053 bri
1030 2996 1103 3072 fine,
1115 2995 1167 3054 sed
1177 3008 1238 3053 toto
1250 3006 1388 3073 sequente
1398 2991 1477 3052 libro
1488 3005 1689 3071 pertractatur.
1702 2996 1760 3054 Sed

971 3104 1008 3141 ne
1016 3086 1047 3142 in
1059 3097 1138 3142 tanta
1144 3085 1272 3143 materiae
1284 3081 1417 3142 ubertate
1423 3081 1565 3140 memoria
1575 3081 1694 3142 lectoris
1705 3105 1758 3142 va-

971 3173 1065 3245 cillet,
1082 3193 1147 3250 quae
1160 3173 1297 3252 proxime
1317 3171 1514 3248 explicaturus
1533 3169 1572 3228 sit
1591 3171 1678 3229 etiam
1700 3171 1756 3230 boc

971 3261 1057 3334 libro,
1073 3283 1102 3318 v.
1117 3269 1173 3328 400
1186 3261 1313 3319 declarat
1329 3280 1336 3316 r

1031 3402 1094 3452 doen
1104 3403 1125 3451 δ’
1135 3401 1184 3464 dp’
1197 3401 1308 3464 ’flutio
1319 3401 1406 3464 δρῶσιν
1414 3399 1547 3462 παρεόντες,
1561 3398 1643 3474 deiru.

972 3537 1027 3606 Ea,
1044 3546 1108 3613 post
1116 3532 1237 3592 brevem
1248 3531 1472 3610 explicationem
1485 3530 1520 3587 de
1531 3529 1713 3608 planetarum
1726 3533 1758 3590 vi

969 3627 1000 3681 in
1009 3635 1075 3680 ortu
1087 3617 1582 3692 efficaciore,inoccasuinfirmiore
1590 3619 1754 3696 4403-409),

970 3711 1073 3770 ordine
1094 3709 1180 3768 nobis
1199 3711 1260 3787 jam
1276 3722 1363 3784 noto,
1390 3727 1449 3785 quo
1471 3710 1609 3764 Saturnus
1627 3740 1667 3750 —
1686 3711 1755 3780 406,

968 3806 1131 3876 Jupiter—
1151 3807 1222 3871 400,
1247 3801 1332 3856 Mars
1350 3831 1391 3842 -
1415 3795 1489 3868 405,
1516 3799 1611 3851 Venus
1627 3827 1667 3842 -··
1686 3797 1756 3869 430,

969 3893 1166 3946 Mercurius-
1179 3888 1236 3956 435
1251 3887 1388 3964 deinceps
1399 3896 1595 3953 recensentur,
1607 3887 1757 3960 proposita

970 3975 1092 4036 videbis.
1102 3977 1167 4035 Jam
1176 4023 1184 4050 ,
1194 3976 1326 4034 breviter
1336 3973 1456 4032 monitis
1463 3970 1623 4030 lectoribus
1634 3972 1755 4030 eandem

969 4086 1030 4124 esse
1048 4067 1174 4146 planetis
1192 4066 1268 4136 vim,
1295 4065 1320 4122 si
1337 4083 1373 4121 ex
1392 4061 1515 4120 adverso
1528 4058 1605 4117 Solis
1621 4061 1754 4138 (436-38)

968 4166 1142 4232 appareant,
1165 4172 1195 4211 se
1220 4151 1255 4209 de
1276 4151 1367 4208 variis
1385 4153 1477 4206 1000.-
1496 4145 1754 4223 conjunctionibus

969 4245 994 4300 ἕν
1020 4243 1139 4322 δισοῇσιν
1167 4239 1319 4320 ἀπορροίαις
1339 4244 1466 4317 συναφαῖς
1487 4257 1515 4292 et
1537 4249 1752 4313 praecepturunt

967 4353 994 4387 v.
1011 4332 1121 4400 438-40
1137 4328 1292 4407 promittit.

1008 4419 1086 4478 Facit
1107 4419 1137 4478 id
1156 4440 1184 4477 v.
1204 4416 1334 4486 tir-480
1352 4427 1381 4473 et
1396 4432 1431 4471 ea
1443 4412 1563 4490 quidem
1577 4412 1706 4484 ratione,
1722 4427 1755 4472 ut

967 4506 1062 4565 obiter
1075 4506 1201 4565 intuenti
1218 4507 1254 4562 ab
1268 4503 1373 4560 ordine
1387 4499 1440 4557 illo
1458 4503 1484 4558 si
1500 4518 1560 4556 non
1574 4519 1697 4576 prorsus
1710 4521 1753 4559 re·

966 4596 1101 4666 cessisse,
1116 4605 1146 4651 at
1159 4591 1321 4668 paullulum
1341 4588 1523 4646 aberravisse
1537 4587 1682 4647 videatur.
1697 4584 1754 4646 Sed

966 4685 1082 4741 videtur
1107 4694 1228 4739 tantum.
1253 4678 1411 4754 Postquam
1441 4676 1520 4734 enim
1541 4674 1613 4752 quid
1632 4697 1755 4732 crearem

965 4777 1045 4828 1000
1055 4775 1176 4829 Saturno
1183 4765 1338 4844 conjuncta
1350 4765 1451 4824 aflerat
1463 4785 1494 4822 v.
1513 4764 1626 4832 iii-45
1639 4763 1750 4838 docuit,

965 4862 1037 4939 quid
1054 4864 1211 4916 decrescens
1228 4876 1244 4913 a
1262 4859 1384 4913 Saturno
1400 4868 1429 4911 et
1447 4867 1507 4911 tum
1524 4855 1671 4910 crescendo
1688 4855 1751 4909 Iovi

964 4964 1013 5007 aut
1028 4953 1130 5004 Veneri
1145 4945 1263 5022 juncta,
1286 4943 1434 5012 445-450,
1450 4941 1522 5016 quid
1538 4945 1679 4999 Mercurio
1690 4939 1750 4997 effi-

963 5040 1031 5108 ciat,
1041 5039 1094 5104 451
1104 5047 1193 5093 notat.
1201 5033 1457 5090 Patetconsuetum
1470 5031 1601 5088 ordinem
1615 5029 1748 5100 retineri,

964 5129 1018 5184 uisi
1037 5124 1115 5202 quod
1130 5127 1232 5179 Μαντὶο
1252 5121 1392 5199 junctura
1406 5136 1483 5180 nunc
1506 5117 1623 5176 demum
1638 5117 1670 5175 in
1690 5117 1748 5174 fine
