3992 6078
337 415 388 465 lla
743 405 946 464 zuehlnlor
967 403 1254 462 anuloul’aiora
1275 402 1299 459 T
1303 406 1327 458 h
1348 399 1533 459 ahlhaul.

1158 533 1267 592 Namque
1278 535 1356 591 ipsum
1369 529 1495 590 postquam
1503 527 1536 573 sic
1546 524 1683 573 contriveris
1692 523 1743 582 rliu,

1160 616 1223 664 Utile
1237 617 1277 663 liet
1291 615 1332 663 tibi
1343 613 1408 676 quod
1424 618 1563 673 corruperat
1571 611 1637 670 dies,

1159 707 1189 753 nt
1201 704 1278 752 multo
1293 701 1360 764 pejus
1369 703 1434 750 certe
1442 713 1516 763 quam
1526 701 1624 749 mistum
1633 700 1711 748 murel.

388 531 567 597 Συνεκλεάνας
581 536 605 590 τ’
615 531 654 612 ἐφ’
666 532 754 590 ἱκανὸν
768 537 844 591 τοῦτο
855 531 955 612 χρόνον,

386 619 539 702 Εῦχρηστον
551 618 614 687 ἕξεις
628 619 675 690 τὴν
691 620 822 700 ἄχρηστον
835 624 873 700 τῷ
884 619 986 699 χρόνῳ,

388 710 484 788 ίίολλῷ
496 709 518 766 δ’
531 707 632 766 ἐλάττω
646 713 692 779 τῆς
705 707 867 788 κεκραμένης
880 706 960 774 άπαξ.

333 818 432 881 (antid.
445 821 466 880 l,
480 821 507 867 P.
522 820 555 879 ll,
567 829 592 880 p.
603 821 646 868 lai
657 819 681 866 et
691 820 760 880 lna.)

681 931 759 942 ..---

1507 907 1589 915 -—-

389 983 423 1042 χρ
437 980 488 1040 ὑπὸ
500 980 686 1061 Δαμοκράτους
697 979 822 1039 χρῖρδοτοι
834 979 1024 1060 γεγραμμέναι,
1160 964 1267 1016 nrrtidoti
1276 979 1291 1013 a
1300 963 1446 1014 Damnarate
1457 963 1581 1013 memoriae
1593 963 1693 1012 haditac.

387 1068 526 1134 Ἀντίδοτος
540 1067 572 1140 ἣν
587 1091 650 1147 φασι
663 1069 693 1144 (ρ)
710 1067 892 1146 Μιθριδάτειόν
905 1091 971 1134 τινες
1159 1053 1287 1103 antidotus
1298 1065 1372 1115 quam
1384 1052 1560 1102 Mithridatium
1571 1051 1670 1113 quidam
1680 1051 1768 1108 vomat,

385 1159 446 1217 Τῶν
459 1155 547 1236 σφόδρ’
558 1155 693 1230 ἐπισήμων
708 1154 844 1232 δραστικὸν
859 1153 925 1236 [καὶ]
937 1154 1075 1234 φάρμακον
1161 1141 1253 1201 insigne
1261 1141 1332 1190 valde
1344 1141 1548 1191 medicamentum
1560 1143 1584 1190 et
1596 1140 1680 1188 ethrax

388 1243 448 1322 [⁶0]
462 1243 527 1323 πρὸς
540 1253 593 1301 πᾶν
607 1243 687 1310 πάθος
700 1243 789 1300 πᾶσάν
802 1267 831 1301 τε
842 1243 917 1302 νόσον
931 1236 1002 1301 εἶπον
1020 1245 1113 1302 ποιεῖν.
1158 1231 1263 1279 ΑΜΒ
1274 1242 1357 1278 ⁰¹⁰⁰oe
1369 1228 1528 1290 mfbfflluer
1541 1231 1568 1277 ¹¹²
1578 1226 1638 1287 ‘¹3¹¹’
1649 1227 1737 1288 duim·

388 1332 510 1411 Σμύρνης
524 1330 662 1410 Ἀρτόικῆς
674 1331 885 1409 Τρωγλοδυτίδος
901 1331 964 1390 δέκα
979 1331 1114 1411 δραχμάς·
1160 1318 1264 1378 mim
1276 1316 1384 1365 Arabim
1396 1316 1571 1378 Ts⁰8¹⁰dificae
1583 1315 1707 1364 dmm
1716 1313 1799 1372 ‘ima

346 1441 358 1477 s
388 1419 488 1498 Ιίρόκου
500 1417 562 1478 δέκ’·
576 1421 700 1496 άγαρικοῦ
716 1417 794 1476 δέκα·
810 1417 973 1498 ζιγγιδέρεως
1016 1407 1018 1412 ’
1158 1405 1228 1455 ⁰¹⁸⁰&
1238 1404 1336 1464 decem·
1350 1404 1438 1466 ³3³¹*OE
1447 1403 1545 1501 didm·
1559 1403 1703 1466 ³¹¹²me

387 1505 474 1566 Δίκα·
489 1505 657 1581 κινναμώμου
670 1504 733 1562 δέκα
748 1504 908 1584 [δραχμάς]·
924 1504 1115 1584 ναρδοστάχυος
1159 1493 1198 1542 ¹3²⁸
1210 1492 1333 1555 quinque,
1344 1491 1489 1540 ⁰ifl¹1³¹¹¹0m¹
1502 1492 1662 1563 biduumque,
1673 1493 1697 1540 θῑ
1705 1490 1778 1538 dm

387 1593 470 1654 Δίκα·
482 1592 589 1651 λιὸάνου
602 1591 679 1650 δέκα·
693 1592 820 1659 θλάσπεος
835 1590 979 1676 [δραχμάς]
995 1591 1074 1650 δέκα·
1158 1581 1234 1642 ⁵95⁰ae
1243 1580 1325 1641 ”ssidis
1336 1580 1415 1629 “¹¹¹¹ss
1425 1579 1523 1641 dmm·
1533 1580 1622 1642 “imiti
1631 1579 1724 1638 dms

387 1681 441 1741 Kal
453 1681 592 1752 σεσέλεως,
604 1679 807 1757 δπσύαλσάμου,
820 1681 924 1759 σχοίνου
938 1703 966 1738 τε
981 1680 1026 1739 καί

344 1829 349 1836 ,
390 1769 553 1848 Στοιχάδας,
568 1769 679 1844 κόστου,
691 1769 760 1847 [καὶ]
775 1767 925 1847 χαλδάνης,
939 1769 1114 1847 τερμινθίνηι,

349 1877 374 1916 ιο
388 1860 497 1938 Μακροῦ
511 1856 659 1935 πεπέρεως,
673 1856 812 1935 καστορίου
826 1878 854 1913 τε
870 1858 1007 1926 Ποντικοῦ,

388 1942 569 2010 Ὑπσκιστίδσς
581 1945 662 2021 χυλοῦ
676 1965 705 1999 τε
720 1941 765 1999 καὶ
778 1941 904 2022 στύρακος
913 1945 1007 2012 καλοῦ,

389 2031 587 2100 Ὀποπάνακος,
600 2030 645 2088 καὶ
658 2029 828 2110 μαλαύάθρου
844 2029 946 2111 φύλλων
962 2028 1035 2106 νέου,

389 2120 500 2176 Πάντων
516 2117 626 2176 ἑκάστου
638 2117 684 2183 τὰς
697 2117 756 2183 ἶσας
770 2117 808 2183 δὶς
821 2117 957 2198 τέσσαρας·

388 2205 491 2272 Κασίας
503 2203 627 2280 μελαίνης
639 2202 706 2262 ἑπτά
722 2204 792 2282 [καὶ]
805 2203 894 2264 πολίου
911 2206 986 2262 ἑπτά·

351 2315 373 2352 ra
389 2298 488 2352 Λευκοῦ
499 2289 630 2370 πεπέρεως
641 2291 735 2364 ταύτὸ,
749 2293 867 2369 σκορδίου
882 2293 905 2350 τ’
919 2292 984 2349 ἴσον·

389 2383 444 2440 Τοῦ
460 2384 592 2460 Κρητικοῦ
610 2379 707 2437 δαύκου
718 2402 746 2436 τε
758 2379 851 2436 ταύτὸν
864 2379 1022 2457 σπέρματος

388 2467 462 2533 Ἰσας
476 2467 498 2525 δ’
511 2466 548 2525 ἑνί
560 2465 657 2524 τούτοιν
674 2466 812 2545 βαλσάμου
829 2472 930 2546 καρποῦ
944 2467 1076 2547 δραχμάς·

391 2555 444 2616 Καὶ
457 2553 557 2636 κύφεως
571 2553 614 2612 τδν
625 2554 701 2612 αὐτὸν
714 2554 751 2612 ἐνὶ
763 2553 860 2613 τούτων
870 2555 998 2630 σταθμόν·

389 2642 463 2710 Τινὲς
473 2642 500 2701 δὲ
512 2641 557 2700 καὶ
570 2641 687 2720 βδέλλιον
696 2641 739 2699 ἐπί
750 2640 802 2726 [τε]
814 2640 911 2708 τούτοις
927 2647 956 2719 (³)
968 2643 1037 2702 ίσον·

351 2754 376 2790 ευ
390 2732 496 2811 Νάρδου
507 2735 623 2810 καθαρᾶς
635 2730 661 2788 δὲ
674 2732 818 2802 Κελτικῆς,
830 2731 875 2787 καί
888 2731 1023 2807 κόμμεως,

389 2820 443 2880 Kal
457 2817 653 2898 πετροστλίνου,
666 2817 711 2874 καί
722 2818 812 2889 ὀπίου,
825 2819 969 2894 μηκωνίυυ,

392 2905 445 2966 Καὶ
456 2903 652 2985 καρδαμώμου,
664 2904 709 2962 καὶ
721 2903 853 2983 μαράθρου
866 2910 912 2962 τοῦ
927 2906 1089 2986 σπέρματος,

393 2991 446 3052 Καί
459 2997 609 3067 γεντιανῆς,
625 2991 670 3050 κοιλ
683 2991 763 3073 ῥόδων
778 2990 882 3071 φύλλων
894 2991 953 3059 ίσας

390 3078 451 3139 ’avt
462 3080 539 3139 πέντε
555 3079 689 3161 δραχμάς,
702 3078 794 3159 μικρὸν
806 3079 1028 3160 ἐπιρρεπέστερον·

349 3187 374 3224 aa
387 3170 442 3226 Τοῦ
460 3172 590 3249 Κρητικοῦ
607 3192 635 3226 τε
648 3167 727 3226 ταύτὸ
739 3168 881 3244 δικτάμνου
895 3169 971 3248 μέρος
982 3194 988 3206 ·

391 3251 490 3311 Ἀνίσου
504 3256 588 3312 τεκαὶ
604 3254 702 3334 άσάρου
716 3279 744 3313 τε
758 3257 841 3336 τρεῖς·
857 3257 1018 3336 κενταυρίου,

391 3339 496 3419 Ἀκόρυυ
506 3364 534 3399 τε
545 3341 591 3399 καὶ
603 3348 665 3424 φοῦ,
677 3342 722 3401 καὶ
738 3349 892 3421 σαγαπηνοῦ
905 3343 951 3410 τὰς
963 3343 1029 3409 ἴσας·

389 3425 579 3501 Ἀθαμαντικοῦ
597 3429 665 3503 μήου
679 3454 707 3488 τε
719 3431 764 3488 καὶ
776 3436 820 3501 τῆς
833 3431 959 3506 άκακίας,

392 3513 506 3591 Σκίγκου
517 3538 545 3572 τε
554 3513 679 3595 γαστρός,
695 3520 818 3598 ύπερικοῦ
832 3541 860 3575 τε
872 3519 1034 3598 σπέρματος,

350 3623 377 3662 ao
391 3601 499 3662 Τούτων
512 3601 557 3660 ἴσα
572 3602 677 3661 πάντων
691 3606 740 3662 aiud
754 3603 808 3664 δύω
820 3605 864 3663 καὶ
879 3605 961 3682 ἥμισυ

390 3687 505 3762 Ὁλκάς,
519 3689 589 3748 οίναυ
604 3689 633 3747 τὸ
646 3689 749 3770 μέτριόν
763 3693 814 3774 [τε]
833 3692 878 3751 καί
894 3693 996 3769 μέλιτος

389 3778 430 3839 'sd
443 3778 602 3858 σύμμετρον,
612 3782 648 3844 ὡς
659 3780 734 3838 τάσδ’
747 3781 842 3856 ὁμοίως
853 3780 934 3848 οὔτως
945 3781 1079 3841 σκεύασον.

387 3866 426 3926 Τδ
440 3873 502 3948 κῦφι
514 3867 536 3925 δ’
547 3864 620 3924 οὐδέν
636 3868 705 3925 ἐστιν
719 3868 777 3927 οῦδὲ
793 3869 867 3946 μίγμ’
881 3869 991 3948 ἁπλοῦν,

389 3953 455 4016 Οὐδ’
469 3952 577 4032 αύτὸγῆ
592 3955 664 4035 φίριι
678 3977 731 4028 τις,
745 3956 798 4014 οὐδ’
809 3957 935 4026 ύπίζτται·

349 4064 375 4102 as
390 4044 528 4120 Αἰγύπτιοι
541 4041 568 4100 δὲ
582 4047 658 4100 τοῦτο
672 4045 724 4100 τῶν
739 4047 804 4102 θεῶν
814 4067 882 4102 τισιν

393 4131 578 4207 Ἐπιθυμιῶσι,
589 4131 762 4198 σκευάσαντες
772 4136 806 4198 ὡς
817 4132 920 4213 φράσω.

389 4210 492 4282 Λευκὴν
506 4209 630 4278 λαδόντες
645 4210 757 4291 σταφίδα
774 4211 821 4281 τὴν
836 4211 1031 4290 λιπαρωτάτην,

390 4300 499 4380 Αίρουσι
512 4300 556 4358 τόν
569 4323 597 4358 τε
612 4299 699 4380 φλοιὸν
714 4300 800 4358 καὶτὸ
815 4298 910 4379 σπέρμ’
923 4299 1001 4358 ἅπαν·

389 4387 447 4459 Τὴν
459 4387 544 4468 σάρκα
560 4388 582 4445 δ’
597 4389 677 4458 αὐτῆς
688 4386 903 4466 λεοτριύήσαντες
916 4389 1015 4458 καλῶς,

341 4497 367 4536 ιο
391 4475 494 4535 Ἱστᾶσι
507 4474 627 4556 δραχμὰς
639 4474 755 4542 Ἀττικὰς
768 4475 804 4541 δὶς
819 4474 919 4533 δώδεκα
928 4499 943 4554 ‘.

391 4563 563 4644 Τερμινθίνης
576 4585 604 4620 τε
618 4563 698 4620 ταύτὸ
713 4567 759 4634 τῆς
771 4561 981 4642 κεκαθαρμένης·

392 4651 514 4731 Σμύρνης
525 4675 553 4709 τε
568 4650 678 4709 δώδεκα·
692 4653 861 4730 κινναμώμου
876 4649 1021 4730 τέσσαρας·

395 4742 505 4818 Σχοίνου
521 4739 652 4816 δυώδεκα,
670 4739 715 4798 καὶ
731 4741 824 4820 κρόκου
840 4739 918 4817 μίαν·
935 4738 1052 4816 βδελλίαυ

390 4823 505 4906 Ὅνυχος
520 4827 641 4908 δραχμάς
654 4838 729 4908 τρεῖς·
745 4830 899 4888 ἀσπαλάθου
915 4827 952 4884 δύ’
965 4825 1056 4903 ἥμισυ·

351 4939 376 4976 ts
392 4913 593 4993 Ναρδοστάχυος
608 4917 686 4994 τρεῖς,
699 4917 744 4976 καλ
759 4917 853 4983 κασίας
865 4917 932 4996 τρεῖς
946 4921 992 4986 τῆς
1003 4918 1099 4988 καλῆς·

394 5005 518 5080 Καθαρᾶς
532 5003 654 5081 κυπείρου
671 5012 738 5084 τρεῖς
750 5003 884 5084 δραχμάς·
898 5004 1055 5083 ἀρκευθίδων

393 5089 442 5148 Ἐκ
454 5093 504 5146 τῶν
519 5089 647 5165 μεγίστοιν
661 5092 705 5147 καὶ
718 5093 837 5170 λιπαρῶν
847 5091 954 5157 ταύταις
965 5091 1032 5158 ἴσας·

393 5175 484 5238 Ἐννέα
498 5175 657 5258 δὲκαλάμου
670 5183 714 5236 τοῦ
730 5181 874 5260 μυρεψικσῦ
886 5179 1017 5262 δραχμάς·

1159 1668 1265 1718 δυσαίων
1277 1670 1301 1717 et
1308 1667 1376 1729 junci
1386 1671 1459 1729 atoue
1469 1667 1534 1716 succi
1545 1667 1646 1716 balsami

1159 1759 1188 1805 m
1199 1755 1341 1816 staechadis,
1352 1758 1377 1804 et
1385 1755 1492 1818 galbani,
1503 1755 1684 1815 terebinthum,

1159 1844 1224 1894 cosli
1234 1880 1242 1904 ,
1252 1843 1338 1906 piperis
1346 1843 1426 1905 longi,
1437 1843 1533 1892 castorii
1546 1844 1653 1904 Pontici,

1159 1931 1318 1994 hypocistidis
1329 1931 1407 1990 succi,
1419 1931 1476 1980 delu
1485 1932 1587 1992 styracis
1596 1931 1673 1991 honae,

1161 2018 1313 2081 opopanacis
1326 2021 1352 2068 et
1361 2019 1410 2068 lolii
1422 2018 1526 2068 recentis
1535 2019 1691 2078 malabathri,

1161 2109 1252 2155 florum
1262 2107 1379 2168 cuiusque
1391 2105 1428 2155 bis
1437 2109 1541 2168 quatuor
1550 2107 1677 2156 drachmas
1688 2107 1758 2168 rapity

1160 2195 1235 2244 casia
1248 2208 1304 2245 vero
1315 2195 1388 2256 nigrae
1397 2199 1498 2258 septem,
1509 2197 1533 2244 et
1542 2194 1599 2257 polii
1609 2196 1713 2256 septem,

1142 2305 1144 2312 ·
1164 2283 1252 2344 Piperis
1262 2282 1310 2332 albi
1320 2286 1425 2344 septem,
1437 2283 1581 2331 tantundem
1593 2282 1692 2344 scordii,

1162 2372 1235 2419 Dauci
1244 2385 1341 2434 quoque
1354 2371 1442 2421 cretici
1451 2371 1595 2420 tantundem
1605 2371 1721 2420 seminum
1727 2387 1735 2430 ;

1163 2460 1205 2508 iiis
1214 2458 1302 2521 pendet
1316 2460 1410 2509 tructus
1422 2459 1522 2508 balsami
1532 2459 1660 2508 drachmas
1671 2471 1747 2522 parem

1162 2547 1262 2608 AEquale
1271 2546 1365 2608 pondus
1378 2547 1450 2609 cyphi
1463 2545 1584 2608 predictis
1593 2546 1674 2608 dubim

1163 2635 1274 2695 suntqui
1287 2647 1330 2696 par
1341 2633 1421 2683 bdellii
1435 2634 1512 2684 velint
1521 2635 1638 2696 adjicerey

1162 2725 1192 2770 Et
1203 2722 1293 2782 gummi
1302 2760 1308 2782 ‚
1316 2723 1390 2784 atqce
1400 2724 1533 2783 repurgata
1545 2722 1614 2772 nardi
1626 2723 1733 2780 celtice,

1163 2812 1192 2858 et
1202 2810 1346 2872 petroselini,
1357 2810 1418 2870 opii,
1430 2809 1485 2858 dein
1496 2810 1613 2871 meconii,
1665 2811 1670 2832 ¹

1163 2883 1193 2947 Et
1206 2897 1361 2958 cardamomi,
1374 2900 1399 2947 et
1407 2897 1525 2946 seminum
1538 2897 1660 2959 loenicrrli,

1163 2988 1193 3035 nt
1202 2985 1333 3048 gentianae,
1344 2985 1456 3034 loliorum
1468 2988 1564 3035 tautum
1579 2999 1655 3047 cosm,

1163 3075 1287 3136 quusquc
1296 3073 1419 3122 drachmae
1431 3074 1540 3136 quinque
1550 3077 1593 3123 aut
1605 3075 1727 3136 paululum
1738 3069 1834 3132 amplias,

1163 3164 1193 3210 Et
1204 3162 1291 3213 cretici
1301 3161 1417 3210 dictamni
1426 3161 1526 3224 aequalis
1535 3163 1626 3224 portio,
1701 3216 1702 3219 ς

1163 3249 1244 3309 asan,
1257 3250 1373 3298 centaurii
1387 3249 1528 3311 atqueanisi
1538 3250 1730 3307 trasdrachmae,

1163 3338 1281 3398 hcorique
1295 3339 1394 3400 plusque
1404 3339 1564 3400 sagapeuique
1575 3342 1625 3387 tres
1636 3339 1767 3397 drachma,

1163 3425 1324 3474 athamantici
1337 3426 1383 3475 mei
1394 3426 1529 3489 deindeque
1540 3428 1629 3476 acaciae

1164 3514 1194 3561 nt
1201 3513 1276 3561 scinci
1286 3513 1387 3576 ventris,
1397 3517 1470 3575 atque
1482 3514 1604 3563 seminum
1615 3512 1734 3577 hyperici,

1164 3601 1260 3662 Singula
1271 3601 1377 3663 pendant
1385 3601 1510 3650 duascum
1521 3602 1621 3651 dimidio
1633 3602 1766 3658 drachmasr

1164 3689 1217 3738 Vini
1230 3689 1355 3751 mellisque
1364 3689 1440 3750 adjice
1451 3691 1569 3751 quantum
1581 3691 1627 3739 erit
1636 3690 1706 3751 satis;

1163 3779 1202 3825 Sic
1210 3777 1291 3825 omnia
1303 3777 1355 3825 hacc
1366 3777 1437 3826 simili
1448 3777 1519 3826 modo
1529 3781 1555 3826 tu
1569 3791 1686 3840 praepara.

1165 3865 1271 3926 Simplex
1281 3867 1420 3914 tamennon
1432 3868 1467 3916 est
1479 3866 1549 3927 cyphi
1560 3866 1691 3925 medicina,
1702 3874 1744 3912 aaa

1167 3953 1217 4002 titia
1228 3953 1274 4002 lert
1283 3952 1307 4001 id
1317 3957 1381 4002 terra
1392 3955 1435 4004 aut
1444 3955 1531 4016 plantae
1542 3954 1616 4016 ¹ullius
1626 3965 1708 4002 succus
1716 3953 1758 4008 est,

1164 4041 1209 4091 Sed
1220 4041 1336 4104 quosdam
1349 4055 1405 4090 cum
1418 4041 1475 4091 deos
1488 4042 1586 4104 placant
1596 4041 1710 4105 AEgyplii,

1165 4133 1217 4179 lloc
1227 4129 1358 4179 incendunt
1370 4133 1505 4192 parentque
1518 4142 1567 4191 quo
1577 4128 1656 4178 dicam
1666 4127 1743 4177 modo.

1165 4218 1249 4268 Albam
1260 4231 1352 4280 passam
1365 4218 1463 4279 capiunt
1473 4230 1545 4266 arvam
1555 4217 1732 4279 pinguissimam

1166 4308 1196 4355 Et
1207 4306 1321 4354 corticem
1335 4318 1465 4367 semenque
1475 4308 1555 4354 totum
1568 4304 1627 4354 huic
1639 4303 1757 4360 eximunt,

1166 4394 1266 4455 Pulpam
1274 4394 1347 4456 ipsius
1359 4406 1415 4442 curn
1425 4394 1470 4442 rite
1481 4393 1655 4454 levigaverint,

1165 4481 1256 4543 Viginti
1268 4485 1372 4544 quatuor
1383 4481 1487 4543 pendent
1495 4481 1624 4529 drachmas
1636 4481 1734 4536 Atticm

1164 4569 1315 4621 Tantundem
1328 4569 1440 4632 injiciunt
1449 4573 1509 4618 ustae
1518 4569 1699 4628 terebinthina,

1166 4659 1319 4720 Myrrhoeque
1330 4657 1458 4707 duodecim
1467 4694 1474 4717 ,
1484 4657 1613 4706 cinamomi
1626 4659 1745 4720 quattuor,

1166 4747 1239 4796 Junci
1251 4746 1393 4807 duodecim,
1404 4745 1469 4795 croci
1480 4759 1561 4804 unam,
1574 4745 1657 4794 hdellii

1166 4836 1226 4883 Tres
1236 4832 1348 4895 unguinis
1361 4833 1504 4893 drachmas,
1515 4835 1588 4895 atque
1599 4831 1711 4895 aspalathi
1726 4829 1779 4876 dum

1166 4923 1256 4983 semis,
1269 4924 1341 4984 spirae
1351 4921 1420 4970 nardi
1431 4925 1491 4982 tres,
1503 4922 1574 4970 casiae
1584 4923 1632 4969 tros
1644 4921 1711 4968 brine

1168 5015 1249 5068 Pura,
1261 5013 1341 5073 cyperi
1351 5013 1412 5070 ires,
1424 5024 1468 5059 nec
1478 5023 1526 5058 uon
1536 5014 1560 5058 et
1570 5011 1694 5072 pingnrum

1167 5101 1298 5148 Baccarum
1308 5098 1434 5159 grandium
1444 5097 1546 5159 juniperi
1557 5097 1683 5145 drachmas
1695 5101 1753 5153 tres;

1166 5186 1256 5238 calami
1268 5186 1335 5236 υιΙυιί
1345 5186 1454 5236 denarios
1463 5185 1529 5236 indas
1540 5197 1641 5244 norem,
