3992 6078
607 513 611 526 ·
667 459 913 548 EJUSDEM
943 463 1122 548 PHlLAE

480 693 485 706 '
595 665 720 820 DE
766 676 1189 824 PLANTIS.

697 1001 1067 1039 „qo-⁶..-

324 1246 412 1306 ΠΕΡΙ
438 1247 629 1308 ΣΤΑΧΥΟΣ.
714 1265 718 1276 ·

151 1409 220 1476 Χθίς
234 1409 328 1470 κόκκον
342 1409 407 1478 ἰδὼν,
415 1412 460 1471 κοιλ
469 1410 559 1472 λαθὼν
570 1415 623 1481 τοῖς
634 1414 788 1487 δακτύλοις,

149 1497 195 1555 καὶ
205 1497 285 1556 πάλιν
296 1496 357 1556 ἰδὼν
367 1498 411 1558 καὶ
423 1499 511 1580 βαλὼν
524 1502 559 1568 εἷς
568 1500 597 1559 τό
608 1501 708 1580 στόμα,

149 1583 196 1643 καὶ
209 1587 355 1667 ψηλαρητῇ
371 1587 496 1668 συντριδῇ
509 1589 664 1669 περισχίσας

151 1671 182 1732 τό
194 1673 279 1751 δίρμοι
292 1675 375 1733 carlo
388 1681 432 1735 τοῦ
444 1678 525 1756 χυλοῦ
540 1677 709 1754 δεδευμένον,

123 1761 258 1842 σσπσρεύς
270 1762 386 1841 γεωργός
399 1766 516 1840 οὐδαμοῦ
530 1769 577 1844 γῆς
592 1765 708 1844 εὐρόθην·

152 1849 226 1917 εὐθύς
236 1849 288 1931 γὰρ
304 1851 381 1919 αὐτὸς
393 1852 510 1932 ἐνταρεὶς
525 1857 556 1932 τῇ
571 1853 680 1935 καρδία,

150 1938 261 1998 καὶτῶν
277 1943 394 2020 φυσικῶν
410 1941 558 2022 εὐπορήσας
571 1943 702 2020 ἶκμάδων,

150 2029 263 2094 καὶτοῖς
276 2030 412 2107 λογισμοῖς
426 2029 544 2108 ἐκραγεὶς
559 2035 610 2089 τῶν
626 2032 800 2111 πραγμάτων,

151 2115 197 2174 καὶ
211 2120 269 2182 ταῖς
283 2115 342 2174 καθ’
358 2116 447 2196 εἱρμὸν
466 2119 567 2198 lepori<
583 2121 748 2200 ὑπουργίαις,

118 2203 196 2264 torol
210 2203 281 2262 nord
296 2204 389 2283 μικρὸν
406 2205 541 2286 ε’κτραρεὶς
555 2209 589 2272 ὡς
604 2209 631 2265 ἐν
647 2207 727 2288 θέρει,

149 2291 205 2351 νυνί
218 2291 283 2372 πρὸς
294 2291 372 2371 ἁδρὸν
384 2294 527 2372 ὠργανῶθη
542 2318 586 2371 μοι
597 2294 710 2375 στάχυν·

151 2383 289 2440 κάντεῦθεν
306 2383 340 2447 ὡς
355 2379 387 2440 ἂν
402 2381 439 2454 μὴ
457 2385 505 2465 ῥυῇ
519 2385 713 2463 παρακμάσας,

150 2468 278 2548 θερίζεται
290 2467 337 2545 μὲν
349 2474 382 2548 τῇ
394 2470 510 2548 δρεπάνῃ
526 2475 577 2529 τῶν
592 2471 692 2549 λόγοιν,

152 2555 289 2634 κομίζεται
301 2553 327 2614 δὲ
340 2555 404 2637 πρὸς
414 2557 443 2616 τὸ
460 2557 504 2614 σόν
520 2559 594 2635 δεῦρο
611 2557 721 2638 κρότος,

119 2634 173 2704 torf»
186 2645 231 2702 καὶ
244 2645 357 2704 Βασιλεῦ
372 2645 419 2703 καὶ
432 2651 525 2726 τρσρεῦ
541 2650 592 2704 τῶν
609 2647 749 2724 Αὐσόνων,

150 2731 196 2790 καὶ
209 2737 255 2788 νοῦ
271 2729 370 2811 γεωργὲ
385 2738 514 2810 μυστικῆς
529 2735 680 2814 εὐκαρπίας.

149 2817 199 2885 Τίς
210 2809 254 2878 οὐν
267 2823 369 2898 θεωρῶν
382 2817 399 2890 ἢ
416 2821 576 2900 κατάστερσν
591 2821 685 2895 πόλον,

152 2906 169 2978 ἢ
184 2911 234 2984 γῆν
249 2905 400 2986 κρεμαστὴν
417 2910 453 2975 εἰς
467 2907 624 2988 ἀνέδραστον
640 2911 730 2992 βόσιν,

150 2994 167 3067 ἢ
184 3000 244 3076 ῥοῦν
255 2997 395 3053 θαλασσῶν
407 2997 443 3063 εἰς
454 2997 647 3078 παλίνστρορσν
660 2999 754 3080 χύσιν,

110 3105 136 3142 ao
146 3081 183 3160 μὴ
198 3088 347 3165 τιοιρενεχθιῖιΙ
360 3083 404 3142 καί
416 3083 521 3166 καλύψῃ
535 3086 580 3159 τὴν
593 3085 693 3165 κτίσιν,

151 3169 170 3244 ἢ
184 3175 290 3251 πνεῦμα
303 3173 348 3230 καὶ
360 3178 413 3254 πῦρ
425 3173 469 3232 καὶ
482 3177 574 3254 ψυχῶν
588 3179 678 3244 ζωσῶν
691 3177 770 3256 γένη.

150 3260 195 3318 τὸν
208 3259 366 3338 δημιουργόν
377 3260 420 3318 τὸν
431 3261 508 3343 σορὸν
519 3261 556 3338 μὴ
570 3264 713 3340 θαυμάσεις

151 3349 230 3410 Ἐπεὶ
244 3351 271 3408 δὲ
284 3348 370 3408 πολλὰ
385 3349 422 3426 μὴ
435 3351 498 3429 πρὸς
509 3349 587 3428 ὄγκον
600 3351 701 3431 ᾐρμόνα

154 3440 226 3496 δοκεῖ
237 3439 347 3496 ταπεινά
361 3442 394 3517 τῇ
409 3441 467 3496 κατ’
483 3436 604 3510 αἴσθησιν
619 3439 711 3520 κρίσει,

111 3547 137 3586 ευ
147 3531 194 3598 τῆς
207 3529 323 3606 ἔμφυτον
335 3549 443 3606 χαριτος
455 3525 646 3603 αγνοουμένης,

149 3606 203 3674 οἷον
218 3613 300 3686 λίθοι,
317 3613 456 3686 κώνωπες,
474 3616 594 3690 ἐμπίδες,
610 3616 688 3690 σόαι,

149 3703 184 3760 τά
199 3701 298 3783 σμικρά
310 3699 355 3760 καί
369 3700 482 3779 μέγιστα
496 3704 556 3761 κατ’
570 3703 656 3776 ’άλλην
672 3703 770 3784 κρίσιν,

150 3789 287 3870 προύθηκα
300 3786 332 3860 δὴ
342 3787 387 3847 τὸν
397 3794 468 3848 σῖτον
480 3789 670 3870 ἐξητασμένον,

150 3880 201 3956 οὐχ
212 3875 256 3935 θνα
270 3875 341 3950 λαύὴ
357 3882 488 3960 προστεθῇ
504 3902 544 3938 σοι
561 3880 687 3958 βελτίων,

111 3987 137 4026 30
148 3967 198 4026 κᾶν
211 3968 247 4033 εἰς
257 3965 290 4025 σθ
302 3964 454 4048 φαυλότατα
468 3967 596 4038 πολλάκις
610 3969 730 4050 βλέποις,

150 4059 188 4136 τῷ
201 4059 252 4136 σῷ,
267 4057 394 4135 Βασιλεῦ,
409 4057 575 4138 συμπορίζων
590 4059 636 4127 τὰς
650 4057 750 4139 φύσεις·

151 4141 225 4202 οὐδὲν
240 4141 291 4220 γάρ
303 4144 382 4221 ἰκμάς
396 4143 442 4202 κοιλ
456 4146 561 4224 σταγὼν
575 4145 621 4204 καλ
634 4145 770 4228 repplet

150 4231 215 4312 πρὸς
228 4229 288 4299 τούς
301 4231 435 4309 ποταμούς
447 4236 494 4303 τῆς
505 4232 591 4312 Ἐδδμ
602 4239 650 4307 τῆς
664 4234 770 4303 ύλῦίας·

149 4321 208 4377 ἀλλ’
221 4317 263 4377 ἵνα
276 4328 328 4387 πᾶς
341 4319 475 4401 ἄνθρωπος
486 4322 604 4382 ἐντεῦθεν
616 4323 689 4404 μάθῃ

112 4429 137 4466 τε
148 4411 198 4466 κάν
213 4415 267 4475 τοῖς
281 4412 411 4476 ταπεινοῖς
425 4409 541 4488 εὐλογεῖν
555 4409 600 4469 τὸν
615 4409 768 4485 Δεσπότην·

150 4501 185 4562 ὡς
198 4497 290 4577 μικρὸν
300 4496 372 4556 οὐδέν
384 4500 439 4557 ἔστι
448 4501 499 4557 τῶν
511 4498 690 4580 παρὴγμὲνων

150 4587 180 4643 ἐκ
191 4587 242 4644 τῶν
252 4586 284 4644 δι’
297 4591 366 4662 ἡμᾶς
380 4585 525 4668 ἐκρυέντων
535 4591 706 4670 σπερμάτων.

191 4671 225 4733 '0
242 4675 311 4740 σῖτος
326 4675 395 4733 ἐσιὶν
410 4681 424 4734 δ
440 4675 547 4760 τρορεύς
561 4681 611 4736 τῶν
627 4679 770 4760 ἐμψύχων,

150 4763 163 4818 ό
175 4760 267 4828 κόκκος
280 4763 354 4828 αὐτὸς
368 4767 412 4834 τῆς
426 4769 507 4836 πνοῆς
521 4770 534 4823 δ
548 4768 710 4846 προστάταις,

113 4871 140 4908 lu
151 4853 165 4906 θ
177 4849 276 4927 σάρκας
293 4853 389 4930 ἰσχνοῖς
404 4852 564 4929 ἕνστεγάζων
578 4853 689 4927 ὐστόοις,

104 4973 109 4984 ·
150 4940 195 4995 καὶ
210 4943 288 5018 νεῦρα
302 4941 377 5005 τιθεὶς
389 4939 435 4999 καί
448 4940 551 5022 ρλίύων
565 4943 739 5016 ὑποστάσεις,

152 5029 166 5084 δ
180 5031 226 5098 τῆς
242 5029 363 5100 τελευτῆς
376 5029 505 5102 εὐσταλὴς
517 5030 678 5110 δδοστάτης,

151 5113 226 5186 ότὴν
239 5114 310 5185 ξένην
324 5115 424 5196 ἔγερσιν
437 5121 513 5195 ἡμῶν
526 5117 649 5177 δεικνύων

153 5205 246 5260 ἐκτῶν
261 5204 319 5262 κοτ’
334 5205 411 5263 αὐτόν
426 5205 540 5287 ἂκριόῶς
554 5207 736 5286 διδαγμάτων·

116 5312 142 5349 ta
154 5289 180 5357 ὃς
193 5289 310 5372 ψίπτεται
324 5290 371 5370 μέν
383 5292 452 5352 κοτδι
463 5298 511 5373 γῆς
523 5295 710 5378 εἰργασμένης,

1214 1247 1266 1308 DE
1286 1245 1405 1309 srlcl.

917 1412 974 1464 llari
983 1425 1060 1488 quum
1069 1425 1171 1476 granum
1182 1411 1290 1462 riderem
1299 1413 1325 1463 ot
1333 1411 1414 1475 digitis
1422 1426 1546 1478 caperem,

917 1501 1054 1563 iterumque
1062 1501 1239 1563 eontemplarer
1248 1502 1273 1551 et
1282 1499 1319 1550 orl
1328 1501 1470 1564 insererem,

917 1588 1003 1638 delude
1010 1601 1052 1651 per
1059 1590 1178 1639 attactum
1188 1588 1287 1652 llunue
1293 1589 1446 1640 ridentium
1456 1590 1599 1641 contritione
1609 1591 1702 1641 erindr-

917 1675 1010 1724 eorinm
1022 1675 1157 1726 emollitum
1166 1675 1233 1724 anooi
1246 1675 1397 1739 humectati,
1644 1680 1703 1729 'rem

917 1763 999 1813 exstiti
1010 1763 1112 1826 agrioola
1122 1765 1243 1814 seminans
1251 1763 1277 1814 ln
1286 1765 1353 1816 nnllo
1362 1766 1457 1816 telluris
1468 1767 1522 1816 looo
1533 1782 1540 1816 ι

917 1864 974 1901 nam
986 1853 1068 1901 statim
1081 1865 1183 1914 granum
1196 1851 1312 1902 inlossnm
1322 1853 1388 1903 oordi
1402 1867 1470 1917 meo,

918 1947 942 1990 et
953 1940 1075 1990 naturales
1088 1942 1186 1990 naotnm
1199 1939 1327 2002 humores,

918 2029 942 2077 et
952 2041 995 2092 per
1007 2027 1187 2078 meditationem
1197 2040 1279 2077 rerum
1289 2041 1419 2090 erumpens
1430 2041 1464 2078 en
1476 2031 1580 2092 toulon,

918 2119 942 2164 et
954 2115 1037 2164 ordine
1047 2115 1231 2165 suceedentibus
1245 2115 1382 2166 ministeriis
1394 2129 1562 2178 procrescens,

918 2209 941 2254 et
953 2203 1068 2267 paullatim
1081 2203 1227 2266 enutritum,
1240 2204 1330 2268 qnippe
1340 2205 1431 2255 astatis
1441 2207 1562 2269 tempore,

917 2304 982 2341 nuno
993 2291 1017 2340 in
1031 2293 1141 2354 vegetam
1155 2291 1284 2342 lormatum
1297 2295 1333 2343 est
1347 2293 1406 2343 milri
1418 2293 1508 2357 spioam
1523 2313 1530 2344 r

919 2379 974 2428 luno
983 2379 1033 2442 jam
1043 2393 1074 2429 ne
1084 2393 1134 2442 prae
1143 2381 1286 2431 maturitate
1295 2379 1405 2443 deoldal,

918 2481 948 2518 en
957 2467 1088 2518 demetitur
1097 2467 1210 2518 carminis
1220 2469 1293 2528 latone,

917 2561 991 2620 atque
1000 2559 1050 2606 ture
1061 2557 1108 2606 huc
1117 2556 1220 2606 otientur
1230 2557 1362 2619 majestati.

918 2649 1077 2708 olmporator
1089 2648 1113 2696 et
1125 2645 1232 2697 nutritor
1245 2649 1426 2704 Romanorum,

918 2737 943 2784 et
953 2736 1018 2785 sator
1032 2734 1150 2784 mentium
1163 2735 1273 2797 mystiom
1285 2735 1455 2786 foecunditatis.

918 2823 1006 2887 quuis
1014 2828 1056 2872 ant
1065 2823 1154 2873 ooelum
1165 2823 1241 2873 stelle
1251 2825 1366 2886 prosigue
1380 2828 1504 2887 spectans,

918 2915 961 2961 aut
973 2913 1062 2962 terram
1078 2925 1220 2975 suspensam
1234 2915 1258 2962 ln
1273 2911 1379 2962 instabili
1394 2913 1565 2976 fundamento,

918 3003 962 3050 ont
973 3001 1076 3050 marium
1089 2999 1181 3050 fluxum
1196 3001 1362 3051 uicissitudine
1375 3005 1450 3052 reatus
1464 3005 1641 3067 temperatum,

836 3103 840 3110 ·
920 3101 951 3138 ιιο
961 3087 1125 3138 ridelloetsun
1135 3087 1284 3138 exundantia
1299 3102 1338 3140 res
1352 3089 1486 3140 norrudanas
1497 3090 1601 3153 obruat,

918 3179 961 3227 aut
969 3181 1083 3239 ventum,
1093 3177 1118 3228 et
1127 3176 1263 3239 llammam,
1274 3179 1298 3228 et
1307 3178 1465 3228 animantium
1480 3193 1580 3242 genera,

850 3329 852 3334 ι
918 3278 968 3314 non
981 3264 1115 3315 admiretur
1129 3263 1269 3315 conditoris
1282 3266 1445 3329 sapientiam?
1504 3255 1507 3262 ⁴

922 3357 1004 3412 Quum
1018 3365 1075 3402 vero
1087 3353 1172 3402 multae
1185 3366 1222 3403 res
1235 3353 1370 3416 granditate
1382 3356 1449 3404 nulla
1462 3357 1583 3407 tumentes

918 3455 1031 3492 sensuum
1041 3441 1141 3490 arbitrio
1153 3441 1256 3492 humiles
1270 3442 1419 3505 judicentur,

918 3531 984 3595 qnod
994 3531 1077 3580 innata
1088 3531 1133 3579 illis
1142 3531 1218 3592 gralia
1228 3531 1362 3600 igrnoratur,

920 3620 988 3670 velut
998 3617 1105 3680 lapides,
1118 3619 1221 3680 stilicen,
1232 3633 1336 3684 musone,
1351 3622 1476 3684 germina,

917 3723 973 3773 qum
986 3719 1065 3771 porum
1078 3719 1131 3767 res,
1141 3708 1189 3757 alio
1199 3713 1308 3773 respentn
1318 3712 1426 3774 proiecto
1436 3683 1611 3775 magnasunt,

919 3800 991 3862 igitur
1000 3803 1137 3866 speciminis
1149 3802 1202 3851 loeo
1214 3799 1327 3863 proposui
1339 3799 1527 3863 explicationem
1540 3801 1627 3864 tritici,

918 3903 966 3938 nou
979 3891 1061 3941 ullibi
1074 3903 1132 3940 ansa
1145 3889 1283 3953 praebeatur
1292 3886 1378 3938 melior

824 4023 827 4030 .
918 3979 945 4027 et
957 3979 993 4028 rel
1005 3979 1036 4027 ad
1046 3978 1162 4029 vilissima
1173 3989 1238 4040 saepe
1253 3976 1378 4039 respicias,

918 4069 961 4116 tuo
971 4081 1081 4129 serro‚o
1093 4071 1154 4128 nex,
1164 4078 1306 4130 comparans
1314 4067 1409 4116 naturae
1420 4077 1533 4127 munem

918 4155 976 4205 nillil
987 4156 1051 4206 enlm
1061 4157 1119 4206 sunt
1128 4167 1204 4216 uapor
1213 4155 1256 4204 aul
1265 4155 1333 4218 gutta
1346 4158 1390 4203 ant
1402 4152 1481 4215 bulla,

916 4245 936 4292 si
945 4258 1001 4294 oum
1018 4244 1104 4295 Edonis
1118 4243 1263 4294 beatissimae
1279 4241 1419 4292 dominibus
1433 4242 1589 4292 conterantur
1603 4259 1610 4293 r

917 4333 957 4382 eorl
969 4335 995 4381 ut
1004 4333 1084 4395 quiris
1093 4332 1166 4382 lromo
1175 4329 1232 4381 inde
1243 4331 1320 4380 dlsoat

916 4421 989 4472 etiam
1003 4421 1026 4471 in
1039 4421 1172 4471 lrumilibns
1184 4420 1256 4470 rebus
1266 4417 1398 4482 praedicare
1407 4417 1490 4468 laudes
1500 4417 1608 4478 Domini,

916 4509 980 4573 quod
993 4509 1051 4559 ntuli
1061 4513 1097 4559 est
1107 4522 1208 4572 parrum
1221 4507 1331 4557 omnium
1342 4519 1399 4569 qum
1413 4505 1595 4570 productasunt

916 4615 946 4650 ex
956 4599 1087 4648 seminibus
1095 4598 1126 4648 ad
1138 4611 1196 4648 usus
1207 4598 1302 4647 nostros
1311 4595 1452 4658 procreatis.

947 4688 1063 4738 'triticum
1073 4691 1109 4737 rst
1118 4685 1223 4737 nutritor
1232 4684 1407 4745 animantium,

916 4791 1018 4840 granum
1031 4777 1109 4840 ipsum
1121 4777 1157 4826 est
1170 4775 1285 4838 patronus
1297 4773 1495 4834 simitudinem,

916 4867 957 4930 qui
970 4879 1056 4916 carnos
1068 4865 1169 4915 includit
1178 4863 1241 4914 luter
1252 4861 1333 4913 leonia
1343 4875 1412 4923 ossa,

916 4957 941 5004 et
951 4967 1038 5004 nervos
1050 4965 1214 5014 venarumque
1225 4950 1372 5000 subeuntias
1385 4951 1485 5014 apponit
1499 4969 1505 5000 ι

917 5043 981 5092 idem
992 5044 1077 5092 mortis
1086 5041 1149 5090 riam
1160 5039 1272 5102 expedite
1282 5043 1401 5089 monstrat
1414 5039 1497 5100 nobis,

916 5143 945 5181 ae
955 5131 1027 5180 docet
1040 5128 1172 5179 mirabilem
1185 5127 1384 5178 resurrectionem
1397 5132 1506 5179 nostram
1539 5155 1542 5164 ⁴

916 5220 1062 5269 documento
1073 5217 1110 5268 sui
1121 5217 1178 5268 dato
1186 5221 1314 5268 anomale:

918 5308 982 5370 quod
994 5307 1119 5371 projicitur
1130 5307 1153 5357 in
1164 5309 1253 5356 tomam
1264 5307 1357 5356 cultura
1369 5313 1546 5372 preparatam,
