4022 6084
321 467 365 512 u
598 417 601 422 “
1019 443 1235 506 ranetam.

320 585 347 640 ἐν
368 579 449 659 γήραι
461 592 626 658 exspectes,
642 591 670 637 et
690 579 735 650 ll,
753 579 808 647 403
824 581 849 644 ἐς
867 575 988 648 νεότητα,
1004 575 1057 634 ubi
1079 577 1105 632 lv
1152 576 1326 654 peculiarem
1337 595 1454 654 operam
1465 575 1496 633 in
1508 595 1544 633 eo
1556 575 1732 634 illustrando
1741 575 1862 654 posuit,
1875 576 1954 654 quod

319 667 431 738 νεότητι.
457 668 601 725 Praeterea
622 665 703 742 ἀμφίς
726 665 839 723 rariore
862 664 956 722 sorma
977 683 1047 724 usus
1064 676 1107 721 est
1152 683 1221 722 sane
1230 665 1293 722 lieri
1301 684 1360 722 non
1372 676 1467 738 potest
1476 664 1534 721 nisi
1543 663 1683 722 omnibus
1695 665 1728 721 in
1740 683 1869 742 quoque
1879 666 1955 723 scri-

2005 530 2007 603 l

319 756 370 828 Vl,
388 757 459 828 658,
472 757 543 828 683,
568 756 690 812 fortasse
704 753 758 822 lll,
779 754 852 825 1883
865 767 894 811 et
907 752 967 831 πρίν
981 773 1045 811 cum
1059 772 1107 826 ge·
1153 765 1235 830 ptore
1249 751 1338 829 hujus
1352 752 1467 827 generis
1492 751 1562 810 locis
1581 751 1696 810 collatis
1716 765 1747 810 et
1761 753 1954 811 examinatis.
2007 759 2008 788 ³

321 843 416 900 nitivo
425 842 525 920 junxit
535 842 576 914 ll,
593 844 661 900 288.
681 840 897 898 adverbialiter
912 839 975 918 πρὸς
986 839 1008 895 δ’
1025 838 1063 896 ἔτι
1077 850 1106 896 et
1152 839 1253 916 ltaque
1262 860 1315 916 ego
1326 840 1443 917 quidem
1452 839 1513 916 jam
1523 860 1578 916 per
1587 840 1701 916 aliquot
1710 841 1954 899 annosvastissi·

235 913 241 925 Ι
320 931 385 1010 πρὸς
403 928 431 988 δὲ
452 929 497 988 καί
508 931 622 1008 posuit,
641 929 766 1006 simplex
779 928 843 1006 πρὸς
862 926 889 985 δέ
903 929 988 986 etiam
1008 940 1109 985 auctor
1153 927 1419 986 mumabHomero
1429 929 1566 1005 usquead
1575 932 1713 986 Nonnum
1725 929 1859 1006 ejusque
1868 943 1956 990 secta-
2008 911 2009 1001 l

321 1019 393 1076 libri
406 1026 509 1094 quarti,
524 1018 601 1076 unde
614 1018 661 1089 ll,
680 1024 736 1090 ιρι,
756 1015 832 1073 idem
848 1016 1001 1073 restituere
1021 1033 1108 1072 ausus
1153 1027 1228 1072 tores
1238 1035 1474 1094 comparaveram
1486 1028 1656 1094 apparatum
1666 1037 1675 1088 ;
1686 1017 1857 1094 plerosque
1868 1017 1953 1074 etiarn

322 1128 397 1165 sum.
415 1107 549 1184 Denique
569 1104 615 1162 σιίν
628 1129 657 1164 τε
670 1105 721 1176 Vl,
736 1105 811 1176 466,
825 1105 881 1160 563
905 1104 1014 1181 posuit,
1029 1102 1109 1180 quod
1154 1102 1221 1160 inde
1233 1102 1271 1161 ab
1284 1103 1443 1180 Apollonio
1456 1101 1518 1180 jam
1537 1123 1572 1161 eo
1587 1103 1707 1161 nomine
1723 1103 1869 1179 singulos
1884 1125 1955 1180 per-

324 1214 419 1271 nuper
433 1195 519 1252 etiam
533 1193 643 1262 Quinto
655 1192 836 1250 vindicatum
853 1204 936 1248 estet
954 1191 1061 1265 legitur
1075 1190 1107 1246 iu
1154 1203 1361 1262 tractaveram,
1377 1211 1468 1268 quum
1483 1211 1510 1251 a.
1527 1193 1602 1258 1846
1614 1192 1650 1250 ad
1658 1205 1845 1250 conventum
1865 1193 1954 1270 philo

321 1283 555 1342 Manethonianis
571 1280 730 1359 quoquel,
755 1300 820 1355 107,
844 1299 915 1352 1103
930 1278 965 1351 V,
988 1281 1037 1336 63.
1057 1279 1107 1335 Bis
1155 1278 1289 1354 logorum
1303 1279 1457 1338 lenensem
1484 1280 1687 1357 proficiscens,
1708 1281 1813 1358 inepte
1844 1282 1921 1338 illud
1945 1303 1950 1337 ι

322 1372 452 1431 editores
460 1370 491 1449 γέ
506 1374 688 1428 invexerant.
1154 1376 1250 1426 omma
1262 1389 1325 1424 mea
1343 1389 1449 1425 mecum
1465 1368 1596 1426 inritatus
1616 1387 1720 1428 omnes
1738 1369 1905 1428 schedulas
1921 1370 1951 1426 ad

362 1460 542 1518 Paucissima
554 1471 631 1533 sunt,
649 1477 714 1533 quae
728 1455 761 1515 in
777 1457 934 1515 verborum
939 1454 1110 1532 jungendo·
1155 1476 1287 1513 eamrem
1298 1458 1478 1534 pertinentes
1490 1475 1601 1515 mecum
1613 1456 1702 1518 maxi.
1712 1457 1772 1515 Sed
1787 1459 1870 1535 quid
1881 1461 1951 1516 acci-

323 1569 387 1607 rum
402 1549 515 1606 ratione
532 1545 660 1604 notanda
669 1545 836 1615 videantur,
848 1557 880 1602 ut
893 1550 1031 1618 genitivus
1044 1562 1110 1620 pre·
1156 1545 1216 1603 dit?
1226 1545 1390 1604 Reverteuti
1401 1545 1474 1603 mihi
1484 1565 1537 1624 per
1546 1547 1625 1604 viam
1636 1547 1739 1604 lerreis
1748 1547 1878 1606 laminis
1886 1561 1951 1606 stra·

324 1639 356 1694 tii
370 1641 462 1712 μισθοῦ
475 1636 520 1708 ll,
542 1658 614 1713 1793
630 1634 680 1706 Vl,
699 1643 768 1710 490,
787 1634 861 1706 5853
878 1632 987 1692 locutio
1007 1633 1111 1707 tragici
1157 1647 1213 1691 tam
1227 1635 1303 1693 inter
1313 1633 1496 1712 Albipetram
1508 1648 1537 1692 et
1550 1635 1636 1692 llalas
1645 1636 1731 1706 cista,
1744 1637 1795 1694 cui
1809 1657 1884 1695 cum
1892 1637 1951 1694 aliis

323 1727 432 1784 coloris
452 1723 573 1789 ἀτέκνους
587 1724 719 1794 κηδεστῶν
734 1722 794 1794 lll,
815 1737 849 1790 tr
865 1743 926 1800 sq.;
940 1728 1112 1778 accusativus
1156 1722 1243 1781 rebus
1259 1724 1318 1780 illae
1341 1743 1458 1801 quoque
1475 1722 1583 1781 tabulae
1598 1723 1719 1782 inclusae
1739 1739 1847 1798 erant,
1863 1747 1883 1784 a
1895 1727 1952 1782 fure

323 1811 358 1871 ad
383 1815 506 1888 liguram
532 1809 757 1887 etymologicam
783 1809 923 1867 accedens
946 1806 1036 1878 λώὸην
1062 1808 1110 1863 τιν’
1156 1810 1330 1882 sublataest,
1339 1811 1783 1890 nequedataoperarecuperari
1791 1815 1906 1890 potuit.
1915 1813 1951 1870 lta

323 1902 454 1972 ἀεικελίην
479 1900 600 1978 ἀκάχησε
626 1899 745 1977 γυναικός
771 1898 832 1971 lll,
856 1902 911 1971 603
928 1898 1111 1956 accusativus
1156 1899 1215 1956 illae
1234 1899 1353 1975 quidem
1370 1899 1498 1971 schedae,
1518 1918 1642 1977 quarum
1657 1899 1806 1959 literatum
1824 1904 1950 1980 pretium

323 2005 406 2068 aptus
419 2010 455 2048 ex
467 1987 557 2065 μίμνει
567 1987 617 2056 vl,
633 1989 688 2060 803
703 1986 864 2044 insolenter
873 1990 1001 2064 positum
1008 1985 1110 2042 adver·
1156 1987 1243 2044 homo
1251 1989 1339 2045 trium
1349 1988 1499 2046 literarum
1507 1989 1561 2046 vix
1568 1988 1761 2061 divinaverit,
1769 1987 1950 2066 jamdudum

323 2078 404 2136 bium
430 2078 494 2135 siue
519 2076 678 2154 participio
695 2075 769 2132 ibid.
798 2096 851 2147 ¹17
871 2074 1024 2152 δμογνήτοις
1035 2077 1111 2151 γενεῇ
1157 2096 1215 2133 non
1225 2075 1326 2133 dubito
1337 2077 1410 2152 quin
1421 2077 1452 2132 in
1464 2077 1575 2134 firmum
1586 2076 1727 2135 fimumve
1737 2077 1952 2154 abierint3ego

323 2169 347 2222 τ’
363 2165 477 2242 ἄγχιστα
492 2164 619 2229 σονεύνσις
634 2161 809 2241 Ζείγνονται,
828 2162 881 2220 ubi
899 2161 1028 2227 συντόνοις
1042 2181 1112 2219 cave
1158 2183 1228 2221 vero
1243 2183 1333 2240 quum
1344 2176 1402 2220 tam
1412 2163 1561 2222 mdiosum
1576 2163 1706 2221 laborem
1720 2167 1855 2242 negotiis
1867 2167 1951 2224 variis

321 2258 428 2328 jungas
451 2273 517 2310 cum
531 2250 763 2326 praecedentibus
778 2254 855 2328 γενεῇ
873 2248 997 2328 ἄγχιστα.
1019 2248 1112 2305 Porro
1157 2264 1186 2308 et
1210 2252 1334 2310 diversis
1356 2253 1501 2311 distentus
1523 2252 1560 2311 de
1580 2254 1695 2328 integro
1722 2256 1884 2314 revolvere
1905 2275 1952 2312 nec

324 2348 456 2398 attractio
470 2340 656 2418 pronominis
668 2340 785 2397 relativi
799 2358 858 2396 non
874 2338 963 2396 nimis
976 2337 1112 2413 frequens
1157 2339 1300 2397 voluerim
1318 2360 1371 2398 nec
1383 2341 1546 2418 potuerim,
1560 2342 1672 2400 veniam
1689 2355 1757 2419 peto
1776 2343 1949 2419 legentium,

325 2428 401 2505 apud
414 2428 513 2505 epicos
526 2426 566 2497 ll,
584 2434 637 2498 ιρι.
652 2415 703 2483 οἷσί
714 2429 738 2482 τ’
751 2424 934 2505 ἐρομμήσωσιν
950 2423 991 2481 ἀεὶ
1007 2423 1112 2503 τέκμωρ
1157 2428 1238 2504 quod
1258 2426 1307 2486 hic
1322 2429 1440 2506 quidem
1461 2429 1647 2506 paucissimis
1669 2442 1786 2489 tantum
1808 2431 1951 2509 defungor

324 2515 475 2592 ἐπάγοντες.
489 2514 529 2586 lt,
555 2516 608 2571 183
632 2515 675 2570 ἐπ’
696 2512 825 2591 αἴσχεσιν,
847 2503 883 2578 οἷς
898 2509 1042 2571 τελέουσιν.
1065 2511 1110 2585 ll,
1157 2516 1253 2593 iisque
1266 2514 1425 2575 levissimis
1433 2515 1699 2576 observationibus.
1710 2518 1847 2579 omnino
1861 2533 1950 2580 autem

326 2606 379 2676 307
391 2603 506 2660 κτείνων
514 2600 624 2671 πίστεις,
633 2590 670 2658 ὧν
679 2600 727 2679 τίρ
736 2624 774 2666 τις
789 2599 883 2658 ἔδωκεν
894 2634 941 2672 -,
951 2597 1110 2678 ἠρνήσαντο.
1158 2602 1240 2681 Epici
1251 2602 1313 2681 jam
1326 2605 1395 2662 inde
1409 2603 1446 2662 ab
1465 2605 1674 2664 Alexandrinis
1689 2617 1805 2665 tantum
1826 2608 1910 2667 abffit
1924 2621 1952 2666 ut

325 2691 374 2763 ,Vl,
393 2693 449 2749 180
460 2689 493 2760 ἢν
504 2691 526 2746 δ’
540 2685 644 2767 Ἐρμῆς
663 2687 805 2765 κίντροισιν
820 2687 907 2763 ἐπείη,
927 2689 1010 2745 τοῖσιν
1022 2684 1112 2754 ἔλεξα·
1158 2692 1196 2748 iis
1217 2689 1326 2748 linibus
1349 2709 1380 2749 se
1404 2691 1620 2764 continuerint,
1648 2693 1701 2770 qui
1719 2713 1757 2752 ex
1782 2709 1950 2754 nostrorum

325 2793 354 2836 et
361 2779 533 2837 substantivi
545 2799 552 2833 :
566 2776 606 2848 ll,
620 2779 677 2844 340
688 2767 771 2834 οἷοίτ’
780 2773 915 2834 ἱπιθιίνωσ’
926 2773 1022 2854 ἔργοις,
1033 2774 1111 2832 πάντ’
1158 2779 1412 2853 grammaticorum
1437 2779 1572 2838 doctrina
1593 2800 1611 2839 a
1627 2782 1732 2840 ceteris
1753 2784 1951 2862 scriptoribus

324 2871 499 2932 ἐκτελέουσιν.
506 2869 557 2942 Vl,
574 2890 608 2925 xa
621 2867 667 2925 κοιλ
679 2866 772 2948 (ἀμφὶ)
783 2866 879 2925 τέκνων
890 2871 990 2944 γενεῆς,
1001 2864 1113 2924 σινίεσσί
1157 2865 1303 2925 observati
1320 2879 1405 2941 sunt,
1427 2882 1460 2926 ut
1474 2869 1598 2928 liberius
1620 2871 1653 2928 in
1664 2870 1720 2929 hoc
1734 2891 1843 2950 campo
1859 2875 1950 2950 vagati

325 2985 353 3018 τε
364 2969 446 3020 τοῖσιν
461 2957 745 3035 ἕκαστος-μεμόρηται.
765 2957 900 3034 Denique
903 2959 1046 3033 prolepsis
1057 2955 1111 3027 lll,
1159 2956 1218 3013 lere
1239 2955 1349 3031 singuli
1371 2956 1419 3014 vel
1439 2955 1490 3015 hic
1509 2958 1556 3015 vel
1575 2958 1638 3016 illic
1652 2959 1781 3036 aliquam
1802 2961 1836 3019 in
1861 2963 1950 3022 modis

326 3071 382 3126 297
394 3048 534 3128 κέρσαντες
545 3044 596 3125 γὰρ
612 3047 716 3123 ἀχρεῖον
729 3047 772 3104 ἑοῦ
787 3043 839 3102 ἀπὸ
851 3043 974 3120 σώματος
991 3044 1070 3115 αἰδῶ,
1085 3058 1113 3101 ει
1158 3043 1302 3120 ponendis
1322 3044 1530 3122 proprietatem
1552 3045 1610 3105 sibi
1632 3047 1851 3123 adsumserint‚
1868 3071 1950 3131 quarn

326 3158 444 3212 zeugma
463 3134 505 3204 ll,
522 3137 575 3207 371
596 3134 683 3213 φιλίην
703 3132 826 3211 μεγάλων
839 3132 885 3191 καὶ
899 3131 993 3216 κέρδεα
1007 3140 1110 3208 νωμᾶν.
1158 3143 1253 3190 tamen
1267 3151 1326 3190 non
1350 3145 1407 3190 tam
1427 3132 1565 3192 tenebant
1578 3135 1645 3194 data
1664 3156 1769 3213 opera,
1786 3137 1838 3196 sed
1855 3142 1951 3216 potius

365 3230 492 3281 Transeo
503 3223 539 3280 ad
549 3226 745 3281 membrorum
758 3223 900 3281 orationis
911 3223 1065 3300 syntaxin,
1077 3242 1114 3279 ex
1158 3220 1355 3298 sequebantur
1367 3221 1463 3280 inscii.
1478 3222 1522 3281 lta
1533 3236 1613 3283 tanta
1621 3244 1714 3302 usque
1726 3227 1765 3283 ad
1772 3229 1879 3292 Nonni
1891 3243 1952 3288 tem·

326 3331 385 3388 qua
399 3331 490 3369 unum
505 3311 601 3368 locum
615 3311 717 3388 paucis
726 3313 868 3388 attingere
880 3309 965 3384 libet,
978 3311 1029 3388 qui
1044 3311 1113 3386 qui·
1158 3329 1231 3387 pora
1245 3310 1370 3368 varietas
1386 3323 1414 3368 et
1428 3330 1499 3368 vero
1517 3310 1647 3371 turbatio
1660 3313 1793 3390 exstitit,
1813 3330 1850 3374 ut
1864 3309 1950 3396 (pauni
2007 3359 2008 3363 ,

326 3401 390 3457 dem
415 3411 459 3458 est
472 3399 508 3455 de
523 3400 620 3456 modis
639 3413 705 3477 post
718 3400 876 3475 particulas
897 3400 1071 3477 temporales
1086 3412 1115 3457 et
1159 3417 1303 3475 quemque
1320 3411 1433 3476 poetam
1445 3397 1568 3476 ejusque
1576 3419 1687 3458 morem
1698 3403 1849 3479 speculari
1864 3419 1896 3464 et
1908 3424 1951 3463 ex·

327 3486 539 3544 conditionales
565 3487 679 3560 positis.
710 3489 768 3545 llas
792 3489 869 3545 euim
892 3487 1114 3565 conjunctiones
1159 3486 1379 3561 cuteredebeas‚
1389 3487 1564 3565 perdifficile
1572 3489 1621 3560 sit,
1630 3489 1666 3546 ad
1674 3509 1776 3568 parem
1787 3492 1952 3554 similemve

326 3594 381 3651 pro
403 3573 567 3647 argumenti
587 3571 686 3629 indole
700 3574 864 3632 necessario
883 3576 962 3652 apud
976 3575 1112 3632 Nostrum
1159 3591 1291 3632 normam
1306 3593 1407 3632 omnes
1418 3595 1572 3636 revocare.
1588 3576 1719 3635 Tandem
1735 3582 1951 3641 Nonnusetiam

327 3681 447 3737 regnare
458 3660 520 3737 jam
535 3660 679 3718 monitum
692 3673 744 3719 est.
764 3661 907 3719 Finalium
923 3661 1112 3738 conjunctio·
1158 3659 1253 3720 bacin
1265 3681 1298 3720 re
1308 3663 1430 3739 signifer
1440 3676 1470 3721 et
1481 3664 1543 3722 dux
1554 3667 1624 3723 novi
1639 3669 1728 3743 epicae
1741 3687 1869 3746 poeseos
1885 3673 1951 3731 arti·

327 3769 395 3806 num
411 3753 455 3817 ὡς,
469 3745 548 3817 ὅπως,
567 3744 622 3814 ἵνα,
640 3746 678 3822 μή
692 3767 844 3824 nunquam
859 3763 1032 3820 occurrunt,
1047 3750 1113 3829 ὅρρα
1159 3750 1218 3808 ίὶοίἱ
1230 3752 1357 3824 exstitit,
1370 3764 1404 3810 ut
1417 3771 1489 3828 quas
1505 3752 1557 3811 ille
1568 3753 1627 3811 sibi
1640 3756 1672 3812 in
1685 3755 1881 3834 Dionysiacis
1896 3762 1949 3818 im·

327 3836 414 3894 semel
434 3855 499 3893 curn
514 3835 705 3911 conjunctivo
718 3834 770 3912 Vl,
787 3844 855 3908 742·
872 3837 1114 3896 Consecutionem
1157 3839 1291 3914 posuerit
1317 3839 1410 3914 leges,
1439 3839 1611 3900 brevissime
1637 3855 1667 3900 et
1691 3845 1861 3904 certissime
1888 3867 1950 3926 per·

328 3925 437 3982 indicat
448 3928 482 3989 ὡς
495 3921 569 4000 (καί)
580 3943 647 3981 cum
657 3923 806 3981 infinitivo
819 3926 947 4002 simplici
960 3925 1000 3998 ll,
1014 3949 1047 3998 73
1062 3925 1112 3998 Vl,
1159 3925 1287 3984 scribere
1301 3928 1414 4005 possis,
1430 3947 1522 4005 quum
1531 3933 1562 3986 in
1576 3929 1754 4009 Paraphrasi
1771 3953 1828 4012 per
1846 3936 1951 3995 scriba·

328 4013 403 4084 6253
417 4017 451 4079 ὡς
465 4033 529 4070 cum
546 4013 696 4071 infinitivo
713 4024 742 4069 et
756 4018 918 4071 accusativo
936 4014 974 4088 ll,
989 4015 1045 4090 ²95
1059 4021 1069 4086 (
1081 4017 1115 4081 ὡς
1159 4034 1224 4072 rum
1239 4015 1433 4091 ignorantiam
1449 4017 1520 4075 satis
1538 4018 1629 4076 multa
1650 4019 1768 4079 turbata
1780 4023 1852 4081 sint.
1870 4022 1950 4103 Apud

326 4100 371 4158 καὶ
384 4100 439 4178 δ’),
455 4105 511 4168 416
527 4100 535 4180 [
549 4102 599 4179 οὐχ
608 4103 676 4176 ὡς),
690 4099 758 4156 ὥστε
778 4121 843 4158 cum
859 4101 1007 4158 infinitivo
1024 4101 1066 4173 ll,
1083 4103 1109 4163 5.
1159 4117 1259 4180 poetas
1282 4125 1355 4162 vero
1376 4103 1511 4163 Nonnum
1536 4125 1714 4184 praegressos
1737 4111 1866 4170 omnino
1888 4132 1949 4170 con·

326 4187 406 4247 Ἐπεί
415 4190 530 4247 causale
546 4188 653 4264 legitur
664 4187 785 4260 laste,
799 4190 873 4261 5013
887 4188 942 4260 lll,
956 4211 1027 4261 ala,
1044 4191 1112 4262 361,
1156 4189 1309 4267 junctivus
1320 4193 1469 4252 dominari
1480 4193 1609 4268 videtur,
1622 4197 1722 4254 utfere
1731 4195 1845 4274 ubique
1851 4199 1948 4278 praese·

288 4281 297 4298 '
327 4275 397 4352 399,
426 4280 490 4349 137.
514 4275 659 4346 1-Derlv
679 4296 746 4336 curn
769 4277 900 4354 optativo
916 4278 994 4335 etde
1012 4280 1113 4336 ticum
1159 4294 1254 4355 ratur,
1269 4280 1321 4339 ubi
1336 4294 1461 4340 nonant
1478 4284 1563 4341 metri
1582 4285 1838 4362 actalia-quadam
1855 4308 1948 4346 neces·

327 4365 515 4441 conjunctivo
525 4363 603 4443 apud
617 4363 833 4438 Manethonem‚
844 4365 873 4424 b.
889 4386 913 4426 e.
935 4367 966 4423 in
978 4366 1115 4426 omnibus
1159 4369 1243 4443 sitate¹
1264 4371 1412 4448 optativus
1429 4372 1605 4448 postulatur.
1626 4372 1737 4431 Contra
1754 4376 1882 4451 optativi
1906 4395 1948 4433 cas

327 4469 378 4508 sex
393 4451 493 4524 libris,
507 4453 576 4512 satis
589 4452 697 4525 multa,
716 4473 769 4512 nec
783 4467 878 4513 tamen
893 4455 1039 4514 fructuosa
1049 4476 1114 4514 mo·
1160 4457 1267 4516 formas
1277 4491 1317 4504 -
1329 4459 1454 4516 maxime
1468 4459 1617 4536 longiores
1631 4460 1697 4520 illas
1715 4460 1748 4520 in
1762 4482 1827 4533 ειας,
1843 4485 1890 4534 ειε,
1904 4487 1947 4521 uu

327 4552 455 4596 nuerunt
464 4540 591 4601 editores
608 4544 771 4619 nuperrimi
787 4563 817 4621 p.
831 4563 1014 4615 xxvix-mx,
1029 4564 1113 4620 regu·
1160 4549 1347 4605 terminantes
1359 4561 1389 4606 et
1402 4546 1457 4620 εἴην
1470 4550 1598 4627 respicio
1609 4583 1645 4593 —
1658 4570 1724 4628 quaa
1735 4563 1830 4610 metro
1843 4573 1949 4610 accon·

328 4627 385 4682 lam
398 4629 541 4704 quandam
554 4644 769 4708 proponentes,
784 4632 821 4689 ad
838 4651 924 4709 quam
938 4651 973 4690 ea
985 4633 1113 4690 insolen-
1160 4636 1282 4694 modatae
1291 4635 1490 4714 conjunctivis
1500 4659 1559 4696 non
1571 4651 1705 4717 poterant
1715 4639 1845 4713 mutari,
1861 4642 1944 4699 etiam

328 4716 386 4771 tior
394 4717 525 4774 struendi
537 4720 612 4775 ratio
623 4719 749 4779 admissa
757 4721 854 4793 fuerit,
864 4741 922 4796 qua
930 4721 1113 4796 regulanibil
1160 4722 1202 4781 ibi
1212 4744 1323 4800 ponere
1330 4744 1390 4783 non
1400 4724 1679 4804 dubitaverunt‚ubi
1687 4747 1725 4786 ex
1733 4726 1852 4804 legibus
1861 4730 1946 4804 vulgo

327 4814 371 4859 est
382 4803 574 4862 viminalium
585 4807 827 4867 verodoctriuam
838 4809 990 4867 absolvere
1001 4829 1060 4866 non
1072 4823 1115 4868 est
1160 4814 1384 4890 quaeseruntur,
1408 4814 1613 4892 conjunctivus
1633 4815 1796 4876 desiderari
1822 4819 1945 4877 videtur.

327 4890 416 4968 hujus
427 4891 504 4965 loci;
522 4893 620 4970 itaque
636 4897 787 4955 nonnullis
804 4898 835 4955 in
854 4898 1024 4956 uuiversum
1037 4918 1114 4974 prae-
1159 4900 1262 4978 ltaque
1277 4903 1355 4980 apud
1368 4903 1526 4980 quosdam,
1544 4905 1570 4962 si
1581 4923 1681 4962 crassa
1693 4904 1831 4964 Minerva
1841 4908 1945 4978 utaris,

329 4979 448 5036 monitis
460 4999 521 5037 rem
534 4981 567 5037 iu
581 4996 681 5040 nostro
697 4997 782 5060 poeta
793 4986 829 5043 ad
846 4985 990 5062 liquidum
1004 4988 1112 5062 perdu-
1160 4991 1255 5067 possis
1267 5005 1370 5050 eorum
1384 4993 1625 5051 consuetudinem
1639 4993 1686 5053 his
1701 4992 1803 5054 verbis
1817 5015 1946 5076 compre·

328 5086 393 5125 cere
412 5066 549 5125 conabor.
571 5069 698 5129 Omnino
728 5073 777 5131 hic
798 5074 835 5132 de
862 5075 1016 5134 modorum
1037 5077 1114 5152 apud
1160 5079 1298 5154 hendere,
1309 5079 1529 5158 conjunctivum
1537 5083 1790 5160 sereponisolere‚
1802 5082 1857 5144 ubi
1865 5085 1945 5144 metu

328 5155 434 5233 Epicos
446 5156 563 5215 Graecos
577 5178 632 5215 usu
643 5174 672 5217 et
686 5165 797 5219 ratione
806 5162 887 5221 locus
901 5162 1114 5221 tenebrosissi-
1160 5169 1254 5242 gratia
1261 5171 1364 5247 possit,
1378 5173 1552 5248 optativum,
1564 5170 1615 5230 ubi
1625 5170 1738 5230 debeat.
1751 5172 1828 5232 llinc
1843 5173 1944 5233 lactum

329 5265 392 5304 inus
406 5258 450 5304 est
463 5259 492 5304 et
499 5245 760 5324 salebrosissimas,
769 5269 866 5327 neque
879 5252 948 5309 dum
959 5254 1114 5330 quisquam
1159 5269 1192 5314 ut
1207 5257 1357 5316 nonnullae
1370 5259 1495 5337 optativi
1511 5259 1611 5320 lormae
1625 5279 1707 5338 paene
1721 5261 1753 5319 in
1765 5259 1944 5320 oblivionem
