4028 6042
337 397 373 444 50
803 380 879 440 ΤΟΥ
899 377 992 438 ΦΙΛΗ
1014 376 1214 439 ΕΚΦΡΑΣΙΣ
1237 373 1482 434 ΕΛΕΦΛΝΤΟΣ.

403 514 498 598 Τούτῳ
512 515 595 594 σέφων
609 512 728 591 ἕτοιμος,
742 513 766 571 εἰ
779 510 848 570 θέλει
861 509 971 587 alites,

402 606 454 686 νθχ
466 607 484 676 ἡ
494 600 636 684 προὸοσκίς
650 602 730 672 ἔστιν,
745 597 813 656 άλλδι
825 599 855 656 τὸ
870 598 971 675 στόμα,

405 692 443 770 μή
457 713 513 758 πως
524 689 554 749 πθ
565 695 609 748 τοῦ
624 688 755 766 γάλακτος
767 685 888 764 ἀμὸλύνῃ
903 686 972 756 ζέον,

403 785 420 852 ἡ
435 781 501 862 πρδς
513 779 557 838 τδν
570 780 648 836 αὐλὸν
661 775 775 856 ἐκδρομὴ
787 778 838 833 τῶν
856 775 1002 854 ῥευμάτων,

362 891 388 930 tt
404 866 441 947 μὴ
453 867 498 927 καί
512 866 542 925 τὸ
555 864 653 925 πυκνὸν
665 868 711 935 τῆς
723 867 803 936 πνοῆς
818 862 978 942 άντιστρέφοι

397 954 494 1036 λύχνοις
508 954 633 1033 ἀνάγκαις
646 955 789 1010 πνευστιῶν
803 950 831 1007 τδ
844 949 977 1026 σκυμνίον,

404 1048 451 1115 τῆς
462 1045 608 1120 εἰσαγωγῆς
621 1037 797 1120 έμφραγείσης
810 1041 862 1095 τῶν
874 1036 971 1116 πόρων,

404 1133 474 1212 ῆσῷ
488 1128 648 1207 διαστήματι
662 1130 713 1184 τῶν
727 1125 799 1185 ἔνδον
813 1124 914 1207 δρόμων

404 1223 422 1290 ἡ
437 1223 484 1290 τῆς
495 1220 612 1295 ἀμολγῆς
624 1215 780 1296 ἐμύραδύνοι
797 1213 936 1293 γοργότης,

364 1327 391 1368 to
405 1296 489 1387 ε’ίργον
504 1306 531 1365 δὲ
543 1304 590 1376 τὴν
603 1302 685 1386 ὄρεξιν
700 1301 820 1382 ῆχαῑνον
834 1301 920 1377 μάτην

405 1397 478 1462 εὐθύς
490 1397 536 1452 ἀπ’
550 1395 635 1474 ἀρχῆς
651 1389 803 1470 δυσφορῆσῃ
818 1389 847 1447 τδ
861 1388 962 1470 βρέφος.

407 1481 482 1554 Πλὴν
497 1479 668 1561 ἡπρούοσκὶς
682 1479 739 1538 ἀντὶ
753 1477 838 1558 χειρὸς
853 1476 961 1556 εὑρέθη·

403 1570 462 1650 χείρ
475 1568 502 1628 δέ
518 1567 627 1650 βρέφους
638 1567 739 1639 κίνησιν
752 1566 825 1632 εὐθὺς
837 1568 885 1623 οὐκ
899 1564 954 1642 ἔχει

404 1657 470 1739 πρὸς
484 1655 529 1724 τδις
541 1654 638 1734 μεταξὺ
653 1659 700 1725 τῆς
714 1658 811 1734 τροφῆς
825 1652 978 1731 ὑπουργίας.

365 1766 392 1806 ta
445 1743 538 1826 Τούτῳ
550 1743 653 1825 κεφαλὴ
668 1741 713 1800 καὶ
729 1741 839 1818 μέτωπα
851 1739 896 1797 καί
911 1737 997 1817 τρίχες

406 1832 452 1892 καί
466 1831 573 1912 βλέμμα
586 1831 631 1889 καὶ
644 1829 697 1910 ῥίς,
713 1829 775 1908 ἄχρι
789 1833 835 1899 τῆς
850 1826 1030 1909 προύοσκίδος,

406 1920 451 1980 καί
465 1920 548 1999 δέρμα
561 1918 606 1977 καλ
619 1919 760 1998 τράχηλος,
778 1914 903 1975 ἀλλὰκαὶ
918 1914 1003 1990 στόμα

407 2012 477 2089 σαφῆ
494 2006 581 2084 μονιὸν
595 2009 759 2086 ζωγραφοῦσι
776 2005 916 2085 μακρόθεν,

407 2094 470 2154 ὅταν
483 2097 595 2176 ῥεουσῶν
608 2097 660 2152 τῶν
674 2098 771 2174 τριχῶν
787 2097 821 2160 ὡς
837 2095 866 2151 έκ
881 2093 955 2150 νόσου

367 2203 394 2244 tu
407 2185 471 2264 δοκῇ
485 2181 602 2262 σεσηρὼς
612 2181 659 2248 τλν
675 2183 752 2262 δορδιν
768 2181 857 2260 ὥσπερ
871 2183 965 2260 γέρων,

409 2274 494 2344 πηλοῦ
508 2269 659 2351 κναφευθείς
674 2270 817 2350 έμύροχαῖς
830 2267 1024 2331 δυσεκπλύτοις.

409 2359 513 2431 Χαίτης
523 2382 552 2436 γε
566 2358 618 2436 μὴν
629 2357 659 2416 τὸ
675 2358 778 2438 βρέγμα
793 2356 839 2416 καὶ
851 2356 951 2435 λάχνης
964 2353 1045 2430 ξένον,

410 2449 445 2514 ὣς
458 2447 503 2504 καί
514 2446 548 2505 τὰ
560 2449 632 2504 νῶτα
646 2445 724 2524 μέχρι
736 2449 787 2502 τῶν
802 2444 935 2513 ὀπισθίων,

311 2533 312 2538 ’
412 2525 454 2592 οἷα
468 2533 602 2616 φαλακρὸν
617 2533 648 2591 tx
661 2531 798 2612 πυράγρας
812 2531 924 2602 ἀξύλου,

372 2643 397 2681 os
412 2621 458 2681 καὶ
470 2620 618 2694 κωνοειδές,
631 2624 654 2679 εἰ
668 2619 697 2678 τδ
709 2629 761 2677 πᾶν
777 2624 869 2698 σχῆμα
883 2619 987 2696 βλέποις
999 2695 1001 2701 Ι

412 2708 457 2768 καί
469 2707 622 2780 ξυντετηκδς
635 2711 773 2788 προσφυῶς
788 2708 839 2772 τοῖς
854 2705 963 2770 ὀστέοις1
1044 2733 1048 2742 ·

404 2796 444 2856 rt
457 2799 479 2856 δ’
492 2786 548 2857 ύίτα
561 2795 647 2856 λεπτδι
661 2795 707 2854 καί
721 2791 943 2873 παρατεταμένα,

411 2884 457 2944 καί
469 2886 587 2964 καθάπερ
601 2885 717 2964 Θώρακος
729 2881 930 2964 ἐσφαιρωμένα,

410 2973 455 3032 καλ
470 2974 523 3040 τοῖς
535 2977 596 3052 δρᾶν
609 2971 725 3032 θέλουσιν
740 2968 940 3048 άνεπτυγμένα,

371 3081 398 3122 70
410 3059 456 3120 καί
470 3059 516 3127 τὰς
529 3061 618 3142 βάσεις
631 3059 726 3140 ἔχοντα
740 3058 986 3140 χονδροσυνθέτους,

410 3149 456 3209 καί
471 3148 600 3221 συστολὴν
615 3149 754 3229 πάσχοντα
765 3147 810 3206 καλ
822 3147 968 3206 τούναντίον

346 3235 347 3240 ’
410 3237 456 3296 καλ
467 3238 531 3319 πρδς
546 3238 635 3317 μάχας
651 3238 774 3318 βλέποντι
786 3236 906 3294 σύντονον
920 3237 1021 3296 στάσιν.

450 3316 508 3406 Ἀφ’
522 3315 566 3385 σύν
581 3327 650 3402 ἔδει,
663 3326 812 3404 Κράτιστε,
827 3328 878 3383 τῶν
891 3325 978 3384 άλλων
994 3327 1072 3405 μόνον

412 3414 510 3474 ἄοπλον
524 3416 607 3494 εὑρεῖν
622 3413 772 3496 προσύαλδν
785 3413 814 3471 τὸ
831 3413 931 3494 θηρίον’,

371 3522 398 3564 lo
410 3499 472 3562 ὅταν
485 3506 499 3561 δ
513 3501 601 3583 καιρὸς
612 3503 752 3584 ἀντιτάττῃ
768 3501 831 3582 πρὸς
847 3503 956 3582 μάχην,

411 3594 459 3651 οὐκ
471 3591 540 3650 ἔστιν
555 3594 646 3650 sinain.
690 3591 725 3652 ‘ll
741 3590 791 3671 γὰρ
806 3591 924 3670 εύτεχνος
939 3592 1013 3672 φύσις

412 3678 497 3738 λιόντι
510 3678 557 3756 μέν
571 3679 687 3756 δίδωσιν,
704 3683 739 3747 ὡς
753 3680 798 3737 καὶ
811 3680 956 3758 παρδάλει,

413 3765 459 3834 et<
473 3765 499 3834 ἐξ
512 3766 611 3847 ὀνύχων
623 3766 765 3850 δραστικὰς
778 3767 960 3834 ἀντισπάσεις·

412 3860 502 3914 τοῦτον
514 3854 541 3914 δέ
553 3855 597 3913 τδν
610 3854 732 3934 μέγιστον
745 3854 844 3922 ὁπλίζει
861 3853 937 3922 ξένοις

374 3963 401 4002 ao
412 3940 504 4022 κέρασι
517 3943 625 4014 διτταῖς,
640 3945 676 4009 ὡς
688 3949 778 4019 τομοῑς
792 3941 930 4014 ἀκοντίοις,

415 4027 440 4088 οἳ
450 4027 495 4087 καὶ
506 4028 705 4111 πιρισφίγγουσι
718 4030 766 4100 τὴν
780 4029 942 4109 προβοσκίδα

415 4118 598 4196 κολουροειδῶς
612 4120 639 4176 έν
654 4118 726 4197 μέσῳ
738 4116 895 4196 κεχυμένην·

417 4205 514 4265 τούτων
527 4205 558 4264 τὸ
572 4205 620 4282 μέν
635 4205 749 4278 δίδωσιν,
765 4210 799 4272 ὡς
813 4205 892 4282 τομὸν
908 4205 993 4285 ξίφος,

416 4293 491 4353 ὠθεῖν
502 4293 560 4352 κατ’
572 4296 671 4374 ἐχθρῶν
688 4298 701 4352 ὁ
715 4292 826 4373 βραύεθς
837 4297 875 4374 τῷ
890 4293 1015 4374 γεννάδα·

377 4404 403 4442 tt
417 4379 489 4440 σθ’δέ
503 4383 616 4464 σκαφεύς
627 4382 665 4448 τίς
677 4385 731 4441 ἐστι
745 4383 789 4440 τὸν
804 4387 869 4461 θῆρα
882 4379 982 4462 τρέφων

417 4469 463 4531 καὶ
476 4471 627 4552 βιζορύκτης
642 4471 686 4528 καὶ
699 4470 852 4548 σπαράκτης
867 4474 917 4527 τῶν
930 4469 1042 4532 κλάδων.

417 4557 497 4618 Εἴποι
510 4581 548 4625 τις
559 4556 591 4616 θν
604 4557 738 4638 πόρρωθεν
753 4561 788 4624 εἰς
802 4563 885 4615 ταῦτα
904 4558 1007 4637 βλέπων

418 4645 524 4711 ὀδόντας
536 4645 600 4713 ὀξεῖς
612 4648 730 4725 εὐτυχεῖν
742 4647 772 4704 τὸ
787 4645 884 4724 θηρίον,

419 4735 618 4810 καμπυλοειδεῖς
630 4733 796 4815 άντικοίμψαν
808 4734 939 4802 ἐκτάσεις·

379 4842 406 4883 σο
418 4823 447 4880 οὐ
459 4821 510 4900 γθιρ
522 4820 580 4903 φύει
590 4823 733 4904 κρόταφος,
747 4822 814 4880 ἀλλὰ
826 4823 855 4880 τὀ
868 4823 962 4900 στόμα.

421 4908 476 4969 llel
490 4914 578 4985 θαῦμα
593 4911 696 4984 καινὸν,
709 4915 764 4976 πῶς
781 4909 853 4977 ὀδοὺς
870 4911 946 4990 κέρας
959 4911 1046 4990 μένει,

420 4995 527 5076 κέρατος
539 4999 587 5057 οὐκ
599 4997 699 5066 ὀδόντος
713 5000 784 5065 ὄντος
799 5006 844 5057 τοῦ
860 4997 955 5079 ξίφους.

461 5083 560 5144 Σκόπει
573 5084 601 5142 δὲ
615 5085 660 5144 καί
674 5086 703 5144 τδ
715 5091 808 5166 σχῆμα
827 5091 873 5158 τῆς
887 5086 1069 5164 προθοσκίδος·

423 5169 500 5234 αὐλός
510 5171 548 5239 τίς
560 5175 630 5232 ἐστιν
641 5177 670 5232 ἐκ
684 5176 760 5255 δορᾶς
775 5175 820 5233 καὶ
835 5177 943 5255 σαρκίου

1164 515 1231 562 Pullo
1240 516 1331 573 autem,
1338 513 1357 562 si
1367 513 1405 562 lac
1415 512 1466 560 vult
1476 511 1621 572 exprimere,
1632 523 1676 572 pro
1686 511 1786 574 siphone
1796 523 1821 560 m
1828 509 1919 572 promptu

1163 605 1212 663 est,
1223 615 1270 650 nou
1280 601 1415 664 proboscis,
1425 599 1466 649 sed
1476 614 1516 659 os,

1163 703 1194 738 ne
1205 690 1266 738 lorte
1277 687 1346 738 lactis
1359 690 1464 739 calorem
1478 689 1597 736 minueret

1165 778 1263 839 liquoris
1274 791 1316 840 per
1325 777 1408 826 tibiam
1418 777 1565 839 proboscidis
1576 776 1701 837 decursus,

1165 868 1189 915 et
1198 879 1229 914 ue
1238 867 1323 916 crebra
1334 865 1459 930 respiratio
1471 865 1504 915 ab
1517 864 1596 914 ubere
1609 867 1703 913 avertat

1165 953 1243 1002 aridae
1254 953 1306 1002 sitls
1316 954 1457 1003 necessitate
1466 954 1621 1002 anhelantem
1630 953 1742 1014 pullum,

1165 1041 1262 1103 spiritus
1275 1056 1317 1104 per
1328 1057 1398 1092 nares
1413 1044 1495 1091 meatu
1507 1042 1639 1102 obturato;

1166 1129 1238 1178 etiam
1250 1143 1280 1178 ue
1288 1134 1339 1178 tam
1349 1131 1419 1192 longo
1430 1129 1558 1179 intervallo
1571 1129 1633 1178 intra
1643 1127 1807 1191 proboscidem
1817 1125 1913 1176 aecum

1166 1216 1239 1266 nimie
1249 1217 1319 1266 tarde
1329 1221 1353 1266 et
1363 1217 1476 1279 languide
1485 1217 1648 1278 emulgeretur
1658 1217 1710 1275 lac,

1166 1307 1190 1354 et
1200 1306 1234 1354 sic
1244 1309 1376 1367 reprimens
1384 1306 1525 1354 aviditatem
1535 1308 1581 1355 aut
1592 1307 1681 1354 trustra
1693 1304 1760 1352 bians

1169 1393 1248 1454 pullus
1259 1395 1340 1442 statim
1353 1393 1384 1442 ab
1393 1395 1462 1442 initio
1473 1394 1536 1442 male
1547 1408 1573 1442 se
1587 1393 1696 1442 baberet.

1168 1482 1260 1528 Verum
1272 1481 1394 1543 proboscis
1405 1481 1447 1543 ipsi
1458 1495 1502 1544 pro
1512 1494 1586 1530 mauu
1597 1481 1656 1529 dala
1665 1483 1702 1530 est
1714 1500 1720 1528 :

1167 1568 1235 1630 atqui
1243 1568 1360 1618 inlautum
1369 1583 1455 1618 manus
1462 1584 1510 1618 uon
1518 1570 1600 1618 statim
1609 1568 1721 1618 movendi
1730 1564 1925 1616 alaemanniae

1168 1655 1199 1703 ad
1208 1657 1378 1706 alimentorum
1388 1657 1518 1706 redeuntes
1526 1655 1769 1706 subministrationes.
1888 1651 1927 1714 lta

1200 1744 1277 1806 llujus
1286 1745 1374 1794 bellum
1384 1747 1457 1808 caput
1467 1749 1492 1794 et
1503 1747 1569 1795 lrons
1578 1749 1602 1795 et
1612 1745 1653 1807 pili

1168 1834 1192 1882 et
1201 1833 1264 1882 oculi
1273 1835 1298 1882 et
1306 1847 1392 1893 nasus,
1402 1835 1490 1897 praeter
1500 1833 1681 1897 proboscidem,

1168 1922 1193 1969 et
1203 1922 1264 1970 cutis
1273 1923 1297 1970 et
1307 1923 1410 1979 collum,
1424 1923 1483 1984 quin
1492 1927 1517 1972 et
1525 1936 1566 1982 os,

1168 2007 1322 2070 elonginquo
1332 2009 1437 2060 intuenti
1448 2024 1547 2072 prorsus
1555 2011 1607 2072 apri
1618 2010 1746 2071 imaginem
1755 2009 1830 2064 sistit.

1169 2097 1266 2158 quaudo
1274 2098 1294 2146 is
1303 2133 1310 2158 ,
1320 2099 1487 2148 excidentibus
1496 2103 1524 2147 ut
1536 2099 1566 2147 de
1575 2099 1661 2147 inorbo
1672 2089 1741 2160 pilis,

1170 2199 1225 2234 oum
1235 2187 1291 2235 cute
1302 2200 1387 2247 rugosa
1399 2191 1513 2249 appareat
1521 2190 1639 2249 tanquam
1652 2187 1763 2246 vetulus,

1170 2274 1215 2322 luti
1227 2276 1350 2336 aspergine
1362 2275 1440 2325 tenaci
1451 2277 1550 2326 tinctus.

1171 2363 1279 2424 Siuciput
1289 2363 1387 2425 quidem
1400 2366 1437 2414 est
1445 2367 1553 2414 setarum
1563 2368 1587 2414 et
1597 2367 1701 2426 pilorum
1712 2378 1807 2428 prorsus
1815 2372 1900 2425 cupam,

1172 2453 1205 2500 uti
1216 2456 1239 2500 et
1249 2452 1348 2501 dorsum
1360 2466 1436 2514 usque
1445 2452 1477 2501 ad
1486 2457 1569 2515 natas,

1149 2602 1153 2622 Ι
1192 2551 1266 2588 “uu
1278 2542 1346 2602 quasi
1359 2543 1449 2604 lorcipe
1459 2543 1585 2604 sineltgno
1596 2544 1709 2605 vulsum,

1151 2631 1153 2636 ⁴
1253 2637 1329 2680 aotam
1342 2642 1426 2678 cernas
1435 2631 1550 2692 figuram,
1560 2632 1726 2691 turbinatum,

1172 2728 1201 2764 ac
1208 2717 1355 2766 emaciatum
1365 2719 1399 2767 ita
1409 2722 1437 2768 ut
1446 2718 1539 2768 ossibus
1548 2720 1617 2781 pellis
1625 2720 1756 2769 adhaereat.

1172 2809 1247 2853 Aures
1257 2818 1315 2853 vero
1324 2809 1382 2854 sunt
1391 2808 1477 2855 tenuas
1486 2809 1511 2856 et
1521 2820 1648 2869 expansa,

1172 2895 1196 2941 et
1207 2893 1287 2941 loricae
1297 2894 1401 2954 speeiem
1411 2894 1557 2956 imperfecte
1569 2895 1699 2944 rotundam
1712 2897 1850 2950 relerentes,

1173 2993 1285 3042 expansae
1301 2982 1326 3030 et
1343 2982 1433 3043 patulae
1449 2983 1562 3031 omnibus
1577 2983 1619 3044 qui
1634 2983 1750 3044 inspicere
1768 2983 1859 3040 voluut3

1174 3068 1309 3130 habentque
1321 3069 1498 3131 cartilaginosas
1507 3070 1613 3129 radices,

1174 3157 1198 3206 ct
1207 3161 1305 3218 pomum
1314 3158 1423 3206 contrabi
1436 3161 1461 3207 et
1470 3161 1552 3206 contra
1562 3158 1691 3215 dilatori,
1714 3145 1715 3148 ¹

1174 3246 1247 3306 atque
1255 3247 1285 3293 ad
1298 3259 1403 3308 pugnam
1416 3247 1533 3308 spectanti
1543 3247 1631 3296 acriter
1640 3247 1720 3310 arrigi.

1205 3335 1268 3381 llum
1279 3347 1337 3382 vero
1347 3335 1382 3382 las
1392 3331 1486 3393 iuisa‘et,
1498 3337 1617 3396 Auguste,
1630 3333 1707 3383 solam
1719 3331 1885 3382 liancomnium

1174 3421 1250 3468 leram
1260 3421 1291 3468 ad
1303 3420 1420 3482 impetum
1430 3421 1568 3470 laciendum
1577 3435 1675 3470 manere
1687 3421 1818 3481 inermem,

1175 3507 1277 3570 quaudo
1286 3512 1381 3570 tempus
1395 3509 1419 3558 in
1433 3510 1509 3558 aciem
1524 3509 1634 3572 progredi
1647 3512 1759 3571 cogeret?

1176 3600 1228 3646 lton
1243 3600 1320 3659 potest
1333 3598 1390 3646 dici.
1405 3602 1515 3660 Namque
1528 3601 1615 3647 natura
1629 3597 1716 3648 artifex
1731 3598 1819 3660 optima

1176 3685 1239 3733 leoni
1249 3685 1345 3748 quidem
1355 3685 1435 3746 dedit,
1447 3689 1474 3734 ut
1484 3690 1508 3734 et
1521 3687 1660 3748 pantherae,

1178 3773 1294 3834 unguium
1303 3772 1366 3822 vires
1374 3771 1403 3821 ad
1413 3771 1596 3835 discerpendum
1606 3773 1728 3834 efficacem

1177 3859 1234 3908 huic
1243 3874 1301 3909 vero
1311 3861 1425 3909 mammae
1435 3861 1492 3910 terre
1502 3861 1620 3910 mirabilia
1630 3861 1716 3910 tribuit
1724 3876 1805 3921 arma,

1177 3950 1298 4010 geminum
1308 3962 1399 4008 cornu,
1409 3949 1477 4010 quasi
1486 3949 1535 3998 duo
1545 3952 1617 3998 acuta
1627 3949 1690 4010 tela,

1177 4037 1218 4097 qui
1229 4036 1316 4086 dentes
1327 4037 1450 4099 utrimque
1460 4041 1572 4088 coercent
1583 4038 1770 4100 proboscidem,

1177 4124 1239 4173 iuter
1249 4138 1278 4173 ea
1288 4125 1392 4174 mediam
1401 4125 1546 4176 decussatim
1556 4129 1694 4188 protentam
1705 4147 1711 4176 :

1179 4213 1264 4262 borum
1275 4215 1393 4276 alterum,
1403 4215 1479 4264 veluti
1488 4218 1588 4264 acutum
1597 4215 1717 4278 gladium,
1728 4215 1794 4266 dedit

1178 4301 1233 4350 lorti
1245 4301 1331 4351 belluae
1342 4302 1367 4351 in
1378 4303 1459 4352 hostes
1469 4303 1547 4352 valide
1558 4303 1746 4365 imprimendum
1756 4301 1911 4354 pausante.

1178 4391 1279 4440 alterum
1291 4403 1373 4441 cornu
1384 4393 1495 4453 estquasi
1506 4392 1630 4442 rastellum
1638 4391 1670 4441 ad
1678 4391 1829 4442 nutriendam
1836 4388 1927 4440 θιθυοο.

1179 4481 1203 4528 et
1214 4479 1314 4528 edomet
1325 4478 1434 4528 radicum
1447 4483 1472 4529 et
1486 4493 1609 4530 ramorum
1623 4479 1768 4530 destructor.

1179 4566 1269 4625 Quodsi
1279 4568 1362 4629 procul
1374 4568 1431 4631 quis
1441 4571 1534 4631 spectet
1544 4583 1572 4618 ea
1584 4581 1687 4630 cornua,
1698 4569 1763 4619 dicat

1181 4658 1255 4705 leram
1268 4657 1346 4706 acutis
1356 4657 1469 4706 dentibus
1480 4658 1626 4706 instructam
1638 4671 1706 4719 esse,

1180 4745 1296 4794 reduucas
1307 4745 1449 4796 eminentias
1461 4750 1636 4796 recurrentem.

1179 4837 1289 4896 Namque
1299 4848 1346 4882 nou
1360 4836 1384 4882 iu
1397 4836 1489 4892 ironic,
1502 4836 1544 4883 sad
1558 4849 1587 4884 ex
1600 4849 1642 4884 ore
1654 4839 1802 4898 nasturtium

1180 4921 1254 4983 idque
1263 4936 1355 4972 norum
1363 4923 1508 4974 miraculum
1516 4926 1564 4984 est,
1575 4925 1765 4986 quoruododcns
1774 4918 1930 4974 comeatum*

1180 5023 1256 5071 quum
1265 5011 1357 5072 madius
1366 5011 1407 5062 ille
1419 5013 1450 5061 sit
1461 5026 1552 5074 corun,
1563 5027 1612 5061 nou
1622 5015 1689 5062 dens.

1212 5101 1285 5146 Porro
1296 5103 1377 5161 specta
1389 5102 1491 5150 sormam
1502 5102 1664 5165 proboscidis:

1180 5189 1216 5236 est
1225 5200 1253 5236 on
1261 5186 1335 5236 tubus
1344 5201 1374 5236 ex
1385 5190 1443 5250 pelle
1454 5191 1478 5238 et
1487 5203 1559 5238 carue
