3992 6078
334 461 384 507 tto
738 446 941 506 ΣΕΡΒΙΛΙΟΥ
962 444 1254 506 senonensem
1274 441 1324 502 ΤΑ
1348 441 1536 501 nullisne.

381 579 478 646 Ὀσαις
491 582 592 655 ἐγένετο
605 577 737 659 φλεγμονὴ
752 584 798 650 τῆς
813 578 921 658 ῦστέρας

380 668 437 735 To<
451 669 577 748 arcippio<
590 667 717 748 φέρουσα,
730 665 747 738 ἢ
761 669 868 748 σκίρρον
881 667 970 748 φόύον,

340 779 366 818 ut
379 757 438 836 Ἐφ’
451 748 487 814 ὧν
502 756 591 815 κέλευε
603 757 739 836 πεσσαρίῳ
749 756 778 814 τὸ
794 757 931 834 φάρμακον

381 843 535 925 Ἐγχρισθέν
546 843 615 904 oiim)
627 843 792 924 προστιθέναι
805 849 860 908 ταῖς
873 843 1000 923 ὑστέραις.

382 938 457 994 Ποιεῖ
470 933 497 992 δὲ
509 939 586 992 τοῦτο
600 932 720 1012 καὶπρὸς
734 933 818 989 ὠτίων
832 931 923 997 πόνους

380 1023 449 1089 Tei<
462 1021 541 1102 χωρίς
554 1021 656 1091 ἕλκους,
669 1019 726 1086 τοῦς
739 1020 863 1100 σφοδρούς
878 1019 939 1098 δίχα
950 1018 1084 1098 ῥεύματος.

385 1114 546 1192 Σιργητικοῦ
559 1109 585 1167 δὲ
601 1108 673 1186 μίξον
690 1109 770 1188 ίρίνου
786 1109 868 1188 μύρου

341 1221 367 1260 w
382 1199 468 1280 Μέρος
479 1198 603 1278 τέταρτον
616 1197 634 1268 ἢ
647 1197 732 1276 τρίτον
746 1201 783 1278 τῷ
796 1197 944 1277 φαρμάκῳ),

380 1289 479 1367 Θερμῷ
490 1310 518 1345 τε
531 1285 623 1352 δεύσας
635 1285 702 1364 ἔριον
718 1286 785 1350 ἔνθες
798 1288 835 1364 τῷ
850 1286 931 1364 πόρῳ.

380 1461 561 1543 Χλωράκοπον
575 1460 640 1518 ἄλλο
653 1461 698 1518 καί
710 1466 785 1517 τοῦτο
799 1461 936 1539 δραστικὸν
947 1460 1024 1516 πάνυ·

380 1550 427 1610 Διὸ
440 1559 495 1618 ταῖς
510 1557 656 1630 καταρχαῑς
669 1553 719 1606 τῶν
735 1548 820 1605 πόνων
835 1551 935 1624 μᾶλλον
948 1549 1031 1618 ποιεῖ,

381 1639 547 1719 Ἄρθριτικοῖς
559 1663 587 1696 τε
602 1638 646 1696 καί
661 1639 827 1717 ποδαγρικοῑς
842 1635 982 1715 συμφέρει,

339 1747 365 1786 ee
381 1727 439 1802 Πρὸ
451 1731 502 1785 τῶν
519 1726 664 1807 βαλανείων
677 1725 837 1805 τριῦομίνοις
850 1730 886 1804 τῷ
902 1725 1034 1804 φαρμάκῳ

381 1816 469 1881 Πύδας
479 1839 507 1874 τε
523 1815 568 1873 καί
583 1814 616 1872 τὰ
628 1820 705 1891 νεῦρα
721 1813 754 1871 τὰ
771 1813 980 1892 πεπαχυσμέυα·

380 1903 460 1964 otae
475 1903 525 1982 γδιρ
538 1906 619 1978 ἔγνων
633 1901 784 1980 γενομένους
801 1905 879 1978 ύγιεῖς
894 1925 974 1966 τινας.

380 1987 459 2071 Ἔχει
474 1991 500 2049 δὲ
512 1991 658 2049 λιύανωτοῦ
673 1993 755 2048 καλοῦ
767 1990 857 2070 λίτραν
873 1990 953 2064 μίαν·

382 2079 563 2156 Ἆμμωνιακοῦ
578 2077 740 2154 θυμιάματος
754 2078 845 2157 λίτρας
860 2077 919 2135 δύο·

344 2189 372 2230 70
386 2167 478 2246 Ἄφροῦ
493 2167 577 2246 νίτρου
591 2190 618 2222 τε
633 2165 789 2224 λευκοτάτου
803 2165 894 2245 λίτραν
911 2165 981 2240 μίαν·

381 2255 421 2315 Τὸ
437 2256 459 2314 δ’
472 2255 535 2314 αὐτὸ
547 2260 663 2333 καθαρᾶς
674 2253 783 2313 οἰσύπου
799 2258 844 2324 τῆς
860 2254 986 2320 Ἀττικῆς·

382 2343 505 2424 Σμύρνης
517 2367 544 2401 τε
556 2349 687 2422 χρηστῆς,
701 2341 837 2420 χαλῦάνης
850 2345 896 2410 τῆς
912 2340 1023 2410 ἀξύλου,

383 2431 568 2497 Ὀποπάνακιίς
579 2455 607 2488 τε
619 2435 663 2489 τοῦ
676 2434 808 2510 καθαροῦ,
824 2428 923 2486 τούτοιν
937 2431 995 2485 καθ’
1009 2426 1035 2483 ἓν

383 2520 489 2590 Στήσας
504 2520 634 2595 ἒπιμελῶς
648 2517 754 2595 ούγγίας
769 2517 807 2583 δὶς
818 2516 960 2594 τέσσαρας·

345 2627 372 2667 'ts
386 2605 534 2687 Εὖφορὸίου
549 2605 679 2686 τέσσαρας
692 2604 797 2682 ούγγίας
809 2609 854 2662 τοῦ
868 2602 1034 2682 προσφάτου·

287 2757 289 2762 f
382 2694 457 2761 Ἰσας
469 2719 497 2752 τε
512 2693 619 2761 ταύταις
632 2693 743 2774 τραχέος
754 2692 907 2769 λιμνησίου·

383 2785 501 2842 Καλοῦσι
516 2781 584 2839 τοῦτ’
595 2782 712 2861 άδάρκην
727 2783 749 2839 οἱ
765 2779 798 2838 τδι
817 2781 937 2857 μίγματα

383 2871 428 2930 Ἐν
442 2869 544 2950 ἸταλίαΙ
556 2872 703 2934 πωλοῦντες
715 2867 740 2926 οί
750 2871 774 2925 τ’
788 2868 937 2942 ὠνούμενοι·

384 2961 472 3038 Κηροῦ
488 2957 588 3037 σφόδρα
603 2959 684 3015 καλοῦ
701 2958 831 3015 ’Ποντικοῦ
846 2954 935 3031 λίτρας
948 2953 1007 3012 δύο·

344 3068 372 3106 80
386 3046 559 3124 Τερμινθίνης
570 3068 598 3103 τε
610 3048 657 3114 τῆς
668 3049 783 3123 καθαρᾶς
794 3041 832 3100 δύ’
846 3042 937 3119 ἥμισυ·

384 3131 513 3213 Δαφνίνου
528 3134 549 3190 δ’
563 3133 651 3192 ἐλαίου
663 3133 708 3191 καί
724 3131 848 3211 κυπρίυου
862 3131 907 3190 καί
922 3133 1056 3210 γλευκίνου

384 3222 483 3300 Λίτραν
500 3225 619 3280 ἑκάστου·
632 3221 712 3300 ἶρίνου
726 3223 903 3300 Σεργητικοῦ,

389 3312 511 3368 Παλαιοῦ
525 3313 549 3367 τ’
567 3309 671 3380 ἐλαίου,
684 3309 798 3388 σχινίνου
813 3333 841 3365 τε
856 3307 1024 3388 προσφάτου,

387 3399 497 3460 Τούτων
511 3397 622 3456 ἑκάστου
638 3399 683 3456 δύο
698 3398 777 3455 πάλιν
792 3397 881 3478 λίτρας
896 3401 1012 3474 σταθμῷ·

344 3509 370 3547 σι
385 3485 476 3554 Ὀξους
490 3485 520 3543 τδ
532 3485 645 3565 μέτριον.
663 3484 757 3563 Τούτῳ
771 3485 815 3542 καί
831 3484 862 3541 τδι
876 3484 997 3561 μίγματα

385 3573 428 3633 Τδι
443 3571 509 3652 Εηρδι
521 3573 613 3651 τρίψας
627 3571 669 3629 ἐπὶ
682 3571 724 3628 τὸν
740 3571 858 3650 αὐτάρκη
869 3571 973 3650 χρόνον,

386 3661 472 3726 Λείοις
485 3662 614 3734 ἐπιμελῶς
629 3659 787 3738 προσὸαλεῖς
800 3658 878 3729 τήξας
892 3659 962 3734 μύρα

386 3749 475 3826 Κηρύν
486 3771 514 3804 τε
526 3746 664 3826 χαλῦάνην
679 3770 707 3804 τε
719 3747 763 3804 καί
778 3746 954 3826 τερμινθίνην,

386 3837 469 3897 Ὀπόν
483 3860 511 3894 τε
521 3835 653 3907 πάνακος,
666 3835 750 3892 τοίλλα
768 3839 790 3891 θ’
805 3834 870 3914 ὑγρὰ
887 3835 1024 3911 μίγματα·

345 3948 371 3985 νυ
387 3926 441 3985 Καὶ
454 3921 639 3989 κατακενιίισαξ
651 3923 734 4002 θερμδι
748 3924 793 3980 καὶ
807 3922 890 3991 ζέοντ’
902 3923 940 3980 ἔτι

389 4012 466 4073 Κατὰ
480 4018 525 4084 τῆς
540 4011 626 4078 θυείας
637 4015 689 4069 τῶν
704 4011 726 4068 τ’
739 4013 764 4068 ἐν
778 4013 845 4090 αὐτῇ
860 4011 1010 4088 μιγμάτων,

389 4101 524 4179 Ἀνάτριῦε
537 4103 574 4180 τῷ
590 4099 688 4158 θυίδυκι
700 4099 770 4180 χειρί
784 4103 807 4157 τ’
822 4099 945 4164 εὐτόνως·

387 4190 441 4250 Καὶ
454 4187 529 4247 πάνθ’
543 4187 640 4252 ἑνώσας
656 4187 778 4244 ἀποτίθου
791 4185 820 4242 τὸ
834 4187 973 4266 φάρμακον

386 4280 431 4343 Εἰς
445 4277 529 4346 πυξίδ
540 4274 598 4335 οἵαν
613 4267 684 4333 εἶπον
697 4275 841 4355 ἔμπροσθεν
858 4277 955 4354 βραχύ.

349 4389 374 4426 νυ
388 4367 503 4447 Septen
517 4367 539 4422 δ’
552 4364 595 4423 ε’πί
607 4365 711 4422 πάντων
724 4363 823 4444 γρήσαι
836 4367 886 4420 τῶν
900 4364 1117 4442 κεχρονισμένων.

692 4494 768 4503 ’-

390 4540 443 4600 Καὶ
458 4545 533 4598 τοῦτο
548 4542 569 4598 δ’
583 4540 681 4598 ἄκοπον
695 4539 846 4618 εὐπόριστον
859 4538 903 4596 καί
919 4539 1007 4610 καλὸν,

391 4627 442 4687 Καὶ
457 4633 590 4706 χειμῶνος
599 4628 731 4705 μάλιστα,
745 4627 770 4684 ἔν
783 4652 811 4685 τε
826 4635 882 4693 ταῖς
894 4628 960 4691 ὁδοῖς

388 4718 451 4780 Τοῖς
463 4716 603 4783 εὐαλώτοις
619 4715 717 4796 σφόδρα
735 4720 835 4794 βοηθεῖν
849 4715 999 4790 δυνάμενον.

388 4801 466 4882 Ἔχει
480 4801 506 4860 δδ
520 4808 636 4882 καθαρᾶς
651 4805 786 4883 χαλῦάνης
799 4813 866 4884 τρεῖς
881 4803 1001 4881 ούγγίας·
1029 4879 1032 4886 ¹

336 4913 373 4951 νου
389 4891 576 4957 Ὀποπάνακος
590 4890 616 4948 δὲ
629 4893 781 4973 προσφάτου
794 4891 900 4970 οῦγγίαν
915 4892 992 4968 μίαν·

386 4973 491 5043 Ἄνθους
505 4979 565 5045 ἇλδς
578 4983 655 5059 τρεῖς·
668 4981 778 5038 οἰσύπου
793 4981 820 5037 δὲ
836 4979 973 5059 τέσσαρας·

386 5065 571 5143 Ἀμμωνιακοῦ
585 5069 747 5144 θυμιάματος
759 5070 839 5128 καλοῦ
852 5069 942 5146 λίτρας

389 5155 443 5214 Δύο
457 5159 537 5234 κηροῦ
550 5177 578 5211 τε
590 5154 688 5235 λίτραν·
704 5157 820 5227 πιτυίνης
832 5155 1012 5236 πεφρυγμένης

388 5247 443 5316 Τῆς
456 5245 493 5321 μὴ
507 5243 635 5310 δυσώδους
649 5244 753 5321 ούγγίοις
765 5243 802 5309 δίς
817 5243 963 5324 τέσσαρας·

1159 585 1199 630 Est
1210 581 1431 630 commodissimum
1444 582 1468 629 et
1480 579 1620 627 mutieribus
1631 589 1727 638 quoqne

1158 661 1230 717 Queis
1242 665 1278 708 est
1290 659 1376 708 oborta
1391 659 1533 720 phlegmone
1547 656 1612 704 intus
1628 655 1703 714 uteri,

1134 697 1136 777 ί
1159 738 1262 786 Dreritias
1274 737 1408 796 adducens,
1420 736 1526 784 simulet
1538 735 1623 784 scirrhi
1635 735 1742 792 metunr;

1134 788 1137 894 ί
1158 821 1226 865 Τιιιιυ
1239 817 1332 878 pessum
1343 829 1457 877 nsnrparc
1468 817 1624 876 pharmacum
1634 813 1692 873 iube

1134 905 1137 918 ·
1159 895 1252 952 Litum.
1263 897 1332 942 utero
1342 893 1407 955 qrxed
1418 893 1501 940 indere
1511 893 1556 940 troc
1565 891 1643 940 solent
1655 890 1734 939 mede.

1160 973 1279 1020 itenetacit
1289 973 1334 1020 hnc
1346 972 1409 1018 idem
1421 971 1452 1020 ad
1461 971 1557 1019 eieiores
1566 970 1661 1018 aurium

1160 1053 1296 1114 expertium
1312 1054 1397 1100 ulceris
1410 1051 1509 1112 sineque
1521 1051 1587 1098 ssnxn
1601 1062 1692 1110 graves.

1158 1131 1270 1191 surgetici
1281 1133 1362 1178 antem
1373 1129 1448 1178 mittis
1459 1128 1512 1176 irini
1528 1127 1638 1189 unguinis

1159 1211 1205 1257 Aut
1216 1209 1350 1269 portionem
1363 1210 1476 1269 (praetem
1486 1209 1529 1254 ant
1539 1206 1628 1254 trinam
1638 1204 1763 1266 pharmaco

1159 1285 1290 1348 Getideone
1305 1286 1383 1334 ianam
1398 1285 1524 1332 intinctam
1538 1283 1605 1332 indas
1617 1282 1735 1332 foramini.

1161 1465 1321 1529 viridacopon
1331 1466 1397 1514 aliud
1410 1465 1497 1514 efficax
1509 1464 1709 1526 supramodum,

1161 1555 1230 1603 Unde
1241 1557 1266 1604 et
1275 1555 1385 1602 laborum
1398 1553 1503 1602 exordiis
1518 1553 1577 1601 tacit
1590 1552 1678 1614 magis,

1161 1643 1309 1714 nrtixriticis²
1322 1643 1455 1705 poriauricis
1466 1655 1565 1704 uereque
1575 1639 1675 1700 officum

1162 1735 1212 1781 tiuc
1224 1735 1280 1780 ante
1294 1731 1391 1780 balneus
1404 1730 1581 1779 medicamento
1592 1731 1641 1778 litis

1162 1824 1191 1869 tit
1203 1821 1304 1882 pedibus
1314 1823 1338 1868 ct
1350 1820 1430 1868 nervis
1440 1820 1576 1868 incrassatis
1585 1817 1656 1867 umui

1162 1911 1245 1959 Plures
1256 1909 1327 1956 inisse
1336 1912 1432 1956 senatos
1443 1909 1621 1969 conspeximus.

1162 1999 1218 2046 Boni
1229 1997 1307 2045 tinnis
1319 1997 1391 2046 {rubet
1404 1998 1449 2045 hec
1463 2010 1537 2045 unam
1550 1995 1630 2058 ponde
1640 1993 1740 2052 librum,

1162 2085 1309 2133 nxrxrrroniaei
1321 2087 1397 2148 guttae
1406 2083 1486 2147 ponde
1499 2085 1571 2133 iibras
1579 2084 1653 2144 duos,

1162 2173 1298 2234 nptrrenitri
1313 2173 1473 2222 candidissimi
1488 2174 1564 2221 solam
1576 2172 1675 2232 libram,

1161 2262 1322 2311 'tandumdem
1339 2263 1471 2325 purinsculi
1482 2264 1553 2311 errici
1567 2263 1659 2324 oesypi,

1162 2352 1314 2414 itinerumque
1328 2353 1397 2400 icctre
1410 2353 1434 2400 et
1443 2364 1492 2399 non
1505 2351 1588 2412 lignosi
1596 2351 1703 2412 galbani,

1162 2441 1361 2501 Opopanacisqne
1371 2440 1438 2501 puri,
1452 2439 1573 2500 singulum
1584 2441 1693 2488 emnium

1162 2533 1223 2577 Octo
1233 2529 1316 2576 uncias
1328 2531 1414 2576 exacta
1427 2527 1577 2590 perpendens
1590 2527 1665 2588 libra,

1162 2619 1272 2675 eratuor
1281 2617 1406 2678 euphorbii
1419 2615 1522 2664 reseretis
1534 2617 1634 2676 ennoias,

1163 2706 1205 2754 iiis
1219 2705 1295 2766 asperi
1306 2717 1374 2766 parcs
1384 2705 1441 2753 dato
1454 2704 1570 2764 iimnesii;

1163 2797 1214 2843 ltoc
1226 2793 1351 2841 nominant
1361 2792 1465 2840 adarcen
1477 2792 1627 2853 ungrrcntarii

1164 2886 1189 2930 in
1205 2882 1274 2930 ltalia
1286 2881 1408 2929 institores
1418 2883 1571 2942 editoresque
1583 2881 1643 2929 item
1648 2898 1657 2942 ς

1162 2974 1230 3020 cerm
1242 2970 1372 3018 aeterrodmn
1385 2970 1456 3018 tieem
1470 2969 1519 3018 dno
1530 2970 1610 3032 pundo
1624 2971 1742 3030 Pontica,

1160 3058 1338 3108 Terebinttrinm
1348 3060 1384 3106 tet
1397 3071 1479 3120 parrae,
1493 3059 1616 3133 spuisscm
1630 3059 1735 3120 insuper,

1164 3148 1265 3208 oleique
1274 3147 1375 3206 lanuini,
1391 3147 1532 3208 cyprinirpre
1545 3149 1570 3196 ct
1580 3147 1696 3208 gierrcini,

1164 3235 1276 3296 Sergetici
1288 3234 1390 3295 irinique
1400 3234 1522 3294 singultim
1538 3235 1640 3296 libram;

1163 3325 1214 3372 Oiei
1230 3324 1331 3382 veteris,
1344 3323 1445 3370 recentis
1456 3337 1555 3385 ηιιοηιιο
1569 3324 1686 3372 lentiscini

1164 3413 1287 3473 anmqne
1298 3425 1392 3459 numum
1404 3412 1489 3458 trorum
1499 3411 1617 3460 immittes
1629 3412 1707 3475 pende
1716 3411 1775 3470 duo;

1164 3501 1228 3548 necti
1240 3500 1375 3560 teredinum,
1386 3513 1434 3560 que
1448 3500 1522 3548 siccas
1534 3502 1626 3562 speeies
1637 3504 1688 3550 tere

1164 3591 1205 3638 Set
1219 3590 1288 3650 longo
1302 3590 1410 3650 tempore
1425 3588 1584 3650 contritisque
1596 3588 1679 3638 sedulo

1165 3677 1265 3738 Liqrrata
1274 3677 1336 3726 adde
1347 3679 1470 3738 unguenta
1480 3679 1505 3725 et
1517 3689 1613 3738 cerum,
1625 3675 1817 3733 terebinthinam.

1165 3765 1309 3826 Gaibennm,
1322 3779 1494 3827 opopanaoem,
1503 3765 1586 3814 itidem
1596 3765 1689 3828 reliqua
1701 3778 1794 3828 quoque
1802 3759 1884 3824 enarrer.

1165 3853 1251 3903 Calida
1264 3857 1338 3915 atqrrc
1348 3853 1427 3902 adiano
1440 3854 1556 3902 ferventia
1567 3855 1590 3902 in
1601 3854 1743 3903 mortarium

1164 3945 1240 4004 Super
1252 3942 1412 3991 rraedienmina
1426 3956 1481 4004 unm
1495 3957 1535 3992 vas
1542 3943 1620 3992 hocce
1630 3943 1738 3992 eontinet

1165 4031 1297 4092 Οοιηῖοῖαιι,
1310 4032 1399 4093 pistitio
1411 4034 1435 4080 ot
1447 4032 1560 4080 menibus
1571 4033 1669 4080 contere

1165 4122 1288 4170 valenter.
1302 4121 1374 4170 Unite
1384 4121 1467 4169 omnia
1477 4121 1512 4170 sic
1524 4121 1634 4184 reponite

1167 4213 1193 4258 in
1204 4209 1315 4272 pyxidem
1327 4210 1424 4272 qualem
1437 4209 1486 4257 dixi
1498 4209 1570 4270 panio
1581 4209 1655 4270 prius

1167 4296 1285 4345 Arariacter
1294 4296 1483 4358 inveteratisqnc
1496 4295 1611 4345 omnibus
1621 4297 1706 4347 utitor.

1169 4557 1197 4603 Et
1209 4555 1254 4602 inec
1266 4554 1371 4615 parniiiic
1386 4554 1460 4615 prussis
1472 4566 1565 4614 acopon
1580 4553 1639 4604 item
1656 4554 1759 4613 bonnm,

1168 4642 1318 4690 Potissimum
1328 4655 1371 4704 por
1381 4642 1508 4703 hyemem,
1521 4646 1564 4690 ent
1574 4641 1593 4690 si
1607 4642 1723 4703 protectio

1143 4705 1146 4774 ί
1168 4735 1273 4793 stpram
1284 4733 1332 4789 est,
1343 4731 1408 4778 rnaie
1420 4729 1562 4792 opportunis
1575 4730 1643 4779 iuciic
1653 4729 1778 4779 subvenit:

1168 4819 1236 4877 Quod
1248 4820 1300 4880 puri
1316 4819 1400 4880 recipit
1411 4819 1505 4880 galbani
1520 4821 1570 4866 tres
1584 4818 1681 4876 uncias,

1167 4909 1212 4957 Sed
1224 4921 1294 4956 ιιιιαιιι
1307 4907 1451 4970 opopanacis
1464 4906 1683 4966 recentisuneiam‚

1170 4997 1242 5045 litoris
1254 4997 1309 5044 sotis
1321 4999 1368 5044 taes
1378 4999 1402 5044 et
1414 4998 1546 5058 quanternas
1558 4993 1646 5056 u‘sppi,

1170 5084 1317 5132 nernneniaei
1327 5086 1402 5146 gratim
1412 5083 1484 5132 benae
1496 5082 1575 5145 pende
1587 5082 1661 5131 libras

1169 5177 1229 5221 Octo
1240 5176 1312 5233 atrprre
1323 5185 1383 5222 cene
1398 5186 1486 5231 unam,
1502 5172 1600 5234 pitpinae
1610 5171 1707 5220 torridae

1169 5263 1221 5311 Nun
1234 5260 1322 5310 ioetidm
1332 5265 1461 5323 perstemus
1471 5262 1506 5310 bis
1520 5274 1582 5324 pone
1593 5261 1688 5322 unciam
