3992 6078
508 364 674 424 seuvini
696 365 943 426 Dsnlocltms
964 365 1056 442 01]AE
1076 365 1311 427 SUPERSUNT.

154 483 181 545 Ἀ
187 491 344 561 μμωνιακοῦ
354 485 517 562 θυμιάματος
529 485 620 565 λίτραν
630 485 692 561 μίαν

120 597 141 630 ’.ι
158 574 238 640 Τινὲς
252 573 406 650 κατέμιξαν,
418 575 493 632 ἄλλοι
505 576 528 631 δ’
542 565 594 652 [αὖ
604 575 614 652 ]
626 574 716 654 λίτρας
727 573 781 634 δύο.

158 661 205 720 Τδι
220 659 287 739 Εηρόι
302 661 385 732 αήσας
394 661 482 718 πάντα
494 663 583 740 λεπτῷ
593 663 716 740 κοσκίνῳ,

153 746 281 826 'Euneos
293 752 328 814 ὡς
338 747 531 825 κατάπλασμα,
544 746 703 827 προσὸαλὼν
719 749 787 825 μέλι,

154 834 238 902 Ὄξος
252 859 280 894 τε
292 835 330 912 μὴ
343 845 407 907 πᾶν,
421 835 466 893 καί
477 836 589 906 ποιήσας
601 838 707 914 εὐαφὲς,

156 923 302 1001 Πρόσῦαλε
312 927 350 1003 τῷ
360 929 466 1004 θερμῷ,
479 923 622 1004 παραχέων
633 923 687 992 όξος
702 923 788 1004 βραχύ

114 1033 141 1070 ιο
158 1016 186 1072 Τ
188 1013 325 1090 ετηγμένῳ
335 1016 409 1092 κηρῷ
421 1035 449 1071 τε
462 1013 507 1071 καί
522 1012 670 1086 λιπάσματι

153 1099 313 1181 Τερμινθίνῃ
327 1123 366 1172 τε,
383 1101 428 1158 καί
439 1102 526 1166 καλῶς
540 1097 672 1179 ἐψυγμένα

153 1189 224 1253 Ταῖς
236 1187 314 1267 χερσί
325 1211 352 1246 τε
366 1187 423 1261 ἅμα
433 1187 511 1246 πάνθ’
522 1185 620 1252 ἑνώσας
635 1190 764 1264 ἐπιμελῶς

154 1276 203 1336 Ἐν
219 1275 317 1350 μείζονι
331 1276 405 1354 άγγει
417 1275 517 1356 χρήσαι
532 1274 569 1351 μὴ
581 1275 746 1354 παραυτίκα·

154 1363 355 1444 Ἀδρανέστιρον
370 1362 421 1442 γάρ
434 1365 504 1420 ἐστιν
515 1361 575 1438 άρτι
587 1361 736 1439 γενόμενον.

399 1550 581 1576 ψ-

234 1717 319 1762 ΑΛΔΟ
337 1715 565 1762 bellusmons
583 1715 749 1764 rudbertus.

112 1909 138 1946 ιι
155 1887 211 1948 Καὶ
219 1893 296 1946 τοῦτο
311 1887 403 1955 εὐῶδές
412 1910 440 1946 τε
450 1886 496 1945 καὶ
505 1885 552 1952 τδις
564 1885 666 1958 ἥπατος

155 1967 237 2054 Λίρον
251 1975 377 2042 διαθέσεις
389 1975 435 2040 τδς
446 1979 545 2055 νεφρῶν
557 1997 585 2032 τε
600 1973 646 2032 καί
657 1974 745 2046 κολου,

157 2063 216 2130 Tb<
230 2069 276 2123 τοῦ
290 2064 425 2143 στομάχου
435 2087 463 2121 τε
477 2061 584 2143 χρονίας
597 2067 643 2132 τῆς
657 2063 783 2142 ὑστέρας·
845 2140 848 2146 Ι

153 2151 304 2212 Ἐπίθαλλε
317 2151 339 2209 δ’
350 2150 469 2211 αὐτὸκαὶ
484 2150 626 2230 καχέκταις
637 2149 680 2208 διδι
691 2149 779 2217 νόσους

152 2240 266 2318 Μακρὰς
280 2240 412 2317 γεγονόσιν
432 2238 602 2318 ὠχροτέροις,
620 2237 771 2318 ύδερώδεσι,

113 2328 210 2387 εινΚαί
225 2326 256 2384 τὸ
273 2325 359 2408 βραχύ
371 2325 409 2403 μὴ
421 2325 559 2384 πέττουσιν
574 2325 740 2404 άνορεκτοῦσί
752 2349 790 2384 τε.

151 2415 248 2476 Ἔστιν
261 2417 283 2473 δ’
297 2413 409 2491 σἰμώμου
421 2416 567 2488 Σκυθικοῦ,
580 2411 791 2489 ξυλοῦαλσάμου,

154 2503 283 2564 Βδελλίου
298 2504 432 2581 διαυγοῦς,
443 2501 624 2580 καρδαμώμου
635 2499 800 2582 σπέρματος,

150 2595 245 2672 Ξηρῖις
258 2591 384 2673 κυπείρου
395 2590 441 2648 καί
454 2589 562 2649 λιθάνου
574 2591 679 2648 πάντων
693 2589 739 2648 ἶσα

149 2681 261 2742 Τούτων
270 2678 321 2739 ἀνδι
328 2679 432 2758 λίτραν,
441 2680 486 2737 καί
494 2678 587 2745 κασίας
600 2679 762 2758 δαρνίτιδος,

113 2791 137 2828 ·ο
151 2769 280 2850 Σμύρνης
291 2791 319 2826 τε
329 2772 448 2848 χρηστῆς
459 2767 504 2825 καὶ
515 2767 627 2846 κρόκου,
642 2765 739 2824 τούτων
751 2767 830 2824 πάλιν

149 2859 250 2939 λίτρας
262 2857 372 2916 ἑκάστου
383 2855 414 2914 τὸ
429 2855 523 2935 τρίτον,
535 2855 552 2926 ἢ
566 2859 670 2936 σμικρῷ
682 2854 773 2912 πλέον·

149 2948 275 3027 Στάχυος
286 2969 314 3003 τε
328 2945 421 3024 νάρδου
432 2947 564 3022 Συριακῆς
577 2946 617 3002 δυ’
629 2943 749 3021 οῦγγίας·

149 3041 173 3098 Τ
176 3034 327 3112 ερμινθίνής
341 3037 431 3106 τετῆς
445 3037 564 3110 καθαρᾶς
575 3033 665 3113 λίτρας
678 3031 736 3089 δύο·

150 3127 244 3200 Κηροῦ
254 3145 282 3179 τι
295 3123 387 3180 λευκοῦ
402 3126 448 3179 τοῦ
459 3125 573 3201 καθαροῦ
586 3120 676 3198 λίτραν
690 3119 762 3196 μίαν·

110 3233 137 3271 7⁰
153 3210 289 3290 lt'urrpr‘vou
299 3233 327 3268 τε
343 3208 424 3288 μύρου
438 3211 591 3289 προσφάτου
606 3209 617 3286 [
631 3209 696 3287 βάλε
710 3207 754 3265 καὶ
766 3207 776 3286 ]
790 3207 882 3285 λίτραν

151 3300 234 3361 Οἴνου
247 3299 396 3376 Φαλερίνου
408 3303 455 3356 τοῦ
471 3300 555 3356 καλοῦ
568 3297 659 3367 ξέστην
674 3295 730 3355 ive.
787 3297 797 3373 [
810 3297 881 3384 μίαν·

148 3389 192 3450 Tri
208 3386 257 3462 μὲν
272 3387 341 3444 ἄλλα
355 3385 437 3467 κόψας
450 3390 513 3457 σῆθε
525 3387 614 3467 λεπτῷ
628 3384 755 3460 κοσκίνῳ,

130 3497 134 3504 ’
151 3475 269 3537 Λίῦανον
282 3475 309 3532 δὲ
323 3476 368 3532 καὶ
384 3473 545 3553 βδέλλιονείς
556 3473 637 3550 δλμον
652 3472 787 3549 έμόαλὼν,

149 3565 275 3644 Σμύρναν
289 3586 317 3621 τε
329 3561 448 3642 χρηστὴν
458 3561 504 3622 καὶ
512 3563 605 3643 κρόκον
619 3561 792 3636 λελεασμένον

109 3675 135 3713 ts
148 3653 264 3734 Θραύυιν
280 3651 399 3730 παράχει
410 3651 533 3729 κύπρινον
546 3649 589 3708 διδ
602 3649 671 3708 οἴνου
687 3647 791 3728 βραχύ,

151 3732 211 3802 Εἶτ’
224 3740 368 3816 ὁλμοκόπει
379 3743 414 3804 de
427 3737 531 3814 μέλιτος
545 3737 614 3816 ἔχειν
628 3739 706 3816 ύγροῦ
721 3738 819 3815 πάχος,

150 3826 352 3908 Προσεμόαλών
366 3849 394 3885 τε
409 3825 494 3884 τᾶλλα
508 3828 556 3883 λοῦ
569 3825 715 3903 ἀρώματα,

148 3918 228 3978 Οίνου
241 3939 270 3974 τε
282 3915 312 3975 τὸ
321 3914 412 3974 λσιπδν
426 3913 576 3994 παραχέας,
587 3917 643 3970 ἑνοῦ
658 3915 760 3988 καλῶς,

147 4007 224 4087 Ἄρες
235 4028 264 4064 τε
279 4003 513 4082 ουμπιεῖνὴμέραν
527 4001 572 4059 καί
586 4001 658 4080 νύχθ’
673 4001 747 4072 ὅλην,

110 4117 136 4154 αι
149 4093 325 4174 Τέρμινθίνην
337 4116 365 4150 τε
379 4092 426 4150 καί
437 4091 561 4168 κύπρινον
574 4089 655 4168 κηρόν
669 4093 692 4147 θ’
710 4089 767 4166 ἅμα

148 4184 251 4254 Τήξας,
267 4181 343 4240 έασον
357 4181 400 4239 ἐπὶ
415 4179 494 4259 πυρὸς
511 4177 694 4260 κουρυιτάτου,

151 4273 204 4333 Καὶ
216 4270 305 4329 πάντα
319 4269 395 4346 μίξας
408 4269 485 4349 χερσί
496 4272 546 4326 τῶν
560 4269 648 4344 μύρων
666 4291 716 4324 τινι

149 4357 360 4435 Λελιπασμέναις
368 4357 455 4428 ἔασον,
468 4355 549 4421 οὕτως
557 4355 695 4427 ἀποτίθου,

150 4448 226 4508 Μετὰ
239 4447 332 4528 χρόνον
347 4449 433 4525 αὐτῷ,
446 4445 482 4521 μὴ
494 4449 661 4524 παραχρῆμα
673 4441 818 4524 χρώμενος.

109 4560 135 4598 ss
149 4539 192 4598 Τίι
207 4536 293 4594 πολλὰ
306 4534 383 4614 μίγνυ
397 4534 488 4602 ξυσθὲν
500 4536 529 4590 ἐκ
544 4531 637 4612 μέρους
649 4533 734 4608 τινὸς,

151 4624 323 4704 Κηριυτάριυν
337 4621 474 4700 γενόμενον
490 4619 672 4701 εὸαρέστερον.

151 4713 272 4778 Σπανίοις
285 4711 313 4770 δὲ
326 4711 425 4790 χρήσαι
439 4710 484 4768 καὶ
495 4710 566 4788 μόνῳ
581 4711 618 4788 τῷ
633 4707 777 4788 φαρμάκῳ.

407 4959 565 4984 «40.-

936 487 1084 540 Ammoniaci
1097 487 1261 551 thymiamatis
1269 487 1345 536 solnm
1361 487 1447 538 librum

933 575 1037 633 Quidum
1050 575 1175 638 addidere,
1190 589 1274 624 rerum
1285 575 1323 625 clii
1333 576 1406 624 libres
1417 575 1487 624 dues.

933 667 1002 712 Tunc
1011 663 1075 712 sicce
1086 664 1166 713 cribro
1177 676 1326 726 excusseque
1340 663 1478 712 lenuissimu

933 752 1114 814 obmutescentis
1123 752 1196 802 modo
1207 765 1298 816 unque,
1312 751 1499 812 enceladum,

932 843 982 890 rtec
993 853 1065 890 omne
1077 843 1189 900 eoelum,
1200 840 1243 890 sed
1255 840 1353 902 quando
1364 840 1435 889 rnolle
1446 837 1532 897 tuerit,

932 927 1012 979 Addss
1026 929 1113 978 calculi
1121 929 1234 990 exiguam
1246 928 1308 978 eceli
1315 928 1429 978 stillulam

933 1019 1003 1067 cern·
1014 1016 1113 1078 liqualoe
1122 1016 1275 1078 intussmque
1285 1017 1309 1066 et
1322 1015 1460 1078 pinguedini
1472 1018 1497 1066 et

932 1103 1120 1165 Terebintbinre,
1131 1111 1205 1167 etque
1216 1106 1305 1154 siccate
1316 1103 1410 1167 egregie
1419 1103 1491 1154 dmul

932 1192 1019 1241 omnin
1029 1192 1139 1242 menibus
1151 1193 1260 1242 excultus
1270 1191 1430 1253 committito,

933 1281 962 1330 et
972 1281 1070 1330 rusculo
1083 1280 1173 1342 majore.
1182 1280 1267 1329 decess
1277 1281 1374 1343 excipe,

932 1371 1026 1419 Usurus
1037 1369 1100 1418 lrnud
1111 1383 1182 1432 mox3
1192 1368 1324 1418 invalidum
1334 1369 1468 1420 csttsctum
1477 1381 1568 1419 recens.

1232 1551 1414 1576 ψ

1072 1722 1169 1764 burun
1187 1722 1386 1766 nsuocnnnls
1402 1723 1565 1766 ΗΔῐιΛῦΜΑ.

931 1902 1039 1952 Odornm
1052 1903 1077 1951 et
1086 1902 1134 1952 boc
1144 1902 1280 1966 tollensque
1290 1917 1348 1953 mcx
1358 1903 1416 1954 ritis
1424 1904 1532 1968 hepatis,

931 1990 1076 2041 dilectiones
1086 1990 1196 2051 renibus,
1206 1991 1260 2040 colo
1271 1993 1402 2054 etgraves,

930 2077 1068 2128 collisimul
1080 2077 1141 2126 uteri
1150 2077 1326 2138 diutiuscules;

931 2166 1046 2228 idemque
1053 2165 1103 2227 iem
1110 2168 1227 2229 coempto
1236 2165 1319 2216 babitu
1329 2167 1484 2230 superdelur,

930 2253 1062 2315 Morboque
1075 2252 1145 2314 longo
1153 2251 1259 2315 pallidis,
1270 2252 1420 2316 hydropicis,

931 2343 960 2390 ltt
971 2341 1014 2402 qui
1024 2341 1104 2389 miuus
1115 2341 1224 2403 coquunt
1238 2340 1320 2390 cibum
1330 2343 1354 2391 et
1363 2341 1496 2391 fastidiunt.

931 2429 1010 2477 Habet
1024 2425 1480 2491 lrocsmomiscytblci‚xyloitnlsnmi,

930 2520 960 2566 Et
969 2516 1131 2574 οοιθειυοιπί,
1141 2513 1271 2578 bdelllique
1284 2513 1371 2574 lucidi,

930 2605 1006 2654 Siccee
1019 2603 1116 2667 cyperi,
1128 2604 1207 2653 thuris
1219 2602 1277 2652 boni
1287 2602 1397 2652 emnium
1410 2613 1491 2664 penem

929 2692 1027 2742 Modum
1042 2692 1140 2754 libram,
1151 2691 1293 2754 ροοιοεοοὶα
1308 2688 1470 2752 depbultldis,

929 2783 1033 2845 Myrrbe·
1046 2781 1130 2842 bonae,
1141 2779 1205 2829 cruci
1217 2779 1306 2842 puriter
1318 2777 1348 2826 de
1357 2778 1454 2840 singulis

929 2869 1126 2922 mbreuienleur
1138 2867 1290 2932 cntemplius
1301 2866 1360 2929 quid
1369 2867 1509 2928 paululum

927 2958 1000 3010 linrdi
1010 2958 1082 3020 spice
1094 2958 1147 3020 pust
1154 2956 1259 3020 Syricum
1267 2955 1349 3005 uncins
1360 2954 1433 3015 duss3

927 3045 1108 3097 Terebinlbiuee
1120 3057 1189 3108 pune
1197 3045 1268 3094 bonoe
1280 3045 1352 3093 libres
1363 3043 1439 3104 duse3

928 3135 1044 3198 sibeque
1055 3147 1118 3184 cere
1128 3132 1252 3197 perpolite
1261 3146 1335 3182 unam
1343 3132 1444 3192 librnm3

927 3222 1038 3273 ilecentis
1047 3221 1163 3284 unguenti
1172 3220 1266 3283 cyprini
1276 3219 1362 3269 libram
1376 3219 1490 3279 unlusm3

927 3312 982 3360 vini
992 3311 1086 3361 Falerni
1099 3309 1156 3359 irinc
1167 3308 1252 3372 optimi
1263 3291 1407 3358 sextarium.

927 3399 1027 3462 lteliqun
1037 3398 1114 3448 tunde
1123 3399 1148 3447 et
1156 3397 1237 3447 cribro
1246 3396 1314 3446 unul
1323 3395 1478 3458 concernit03

926 3487 1008 3548 Thus,
1020 3485 1137 3536 bdellium
1148 3484 1352 3547 cunimundum
1362 3483 1484 3546 ccujlcltu,

927 3575 1050 3638 Myrtilum
1062 3573 1151 3623 bonnm
1160 3585 1308 3635 crocumque
1318 3572 1402 3621 triturn
1414 3571 1452 3620 his
1461 3570 1557 3632 nddltc,

928 3663 1067 3724 Fructiequc
1078 3674 1164 3724 perum
1176 3660 1269 3724 cyprini
1275 3673 1332 3710 cum
1342 3659 1398 3710 rinc
1407 3659 1543 3719 iniundttu;

926 3752 988 3802 neu
1002 3751 1112 3815 tundite,
1125 3752 1154 3800 ut
1165 3749 1285 3813 liquidum
1295 3749 1345 3798 mel
1354 3747 1512 3798 crussitudine

926 3841 1029 3902 AEquet,
1042 3853 1100 3889 mos
1109 3839 1147 3888 bis
1157 3841 1266 3888 aromate
1276 3837 1381 3887 contrita
1391 3836 1487 3896 redditu,

926 3931 957 3978 Et
967 3927 1032 3991 quud
1047 3929 1156 3989 superest
1167 3927 1251 3974 vinum
1263 3925 1359 3986 addito,
1371 3924 1517 3974 committito

926 4019 1013 4067 Totam
1025 4015 1104 4075 diern,
1116 4016 1212 4064 noctem
1220 4014 1306 4074 simul,
1318 4026 1368 4076 quc
1376 4011 1528 4073 cumbtbmt;

926 4103 1121 4155 'terebinthinam
1131 4115 1199 4164 reru,
1209 4103 1348 4165 cyprinum,
1358 4113 1439 4151 cerum
1448 4103 1474 4150 ct
1483 4099 1554 4148 simul

927 4191 1045 4255 liquato,
1056 4193 1117 4242 tunc
1126 4191 1260 4242 lentissimo
1273 4191 1320 4252 igni
1330 4189 1456 4253 imponito,

882 4327 886 4338 ,
925 4281 1059 4344 tinctisque
1068 4282 1122 4343 uest
1130 4279 1242 4329 menibus
1255 4291 1298 4341 per
1307 4290 1404 4340 unguen
1417 4274 1563 4339 quodcum,

926 4370 1033 4420 Subscts
1046 4369 1082 4418 sic
1090 4368 1238 4418 committito
1247 4365 1398 4428 etrepontto.

925 4463 975 4510 Nec
987 4471 1044 4507 ιιιοτ
1056 4459 1141 4520 persto
1154 4457 1189 4506 uti
1203 4455 1261 4505 reiis
1271 4457 1299 4504 tu
1310 4454 1456 4517 pbsrmscc,

926 4547 973 4597 sed
983 4549 1092 4608 ternpore
1104 4543 1241 4607 interiectu.
1256 4545 1286 4592 st
1297 4544 1325 4592 ul
1337 4540 1476 4590 cerutulum

925 4637 961 4685 sit
971 4635 1080 4692 mollius,
1095 4646 1176 4683 rusum
1188 4632 1277 4695 purtim
1286 4629 1387 4680 subinde
1397 4629 1425 4678 tu

925 4725 1040 4786 btiscctn,
1051 4723 1102 4772 scic
1111 4723 1188 4771 rarius
1201 4720 1243 4770 serl
1252 4720 1336 4769 utitor.

1238 4945 1398 4971 ψ
