3992 6078
437 476 603 534 SEthLll
624 479 871 537 Democharis
892 479 981 550 QUAE
1004 477 1238 540 sucessum.

54 661 58 671 ,
93 611 160 670 ’illo
176 613 297 689 ἐπειχθῇς
308 608 493 686 προσύάλλειν,
506 608 549 666 ἵνα
565 617 580 689 ᾐ
595 634 633 669 σοι
649 613 730 688 παρόν

58 723 79 757 rs
93 699 190 756 'Earum
203 698 230 754 δὲ
245 697 320 775 χρεία
334 697 436 762 πάντως
452 702 477 756 ἐν
493 702 601 776 χειμῶνι
616 723 662 776 γε,

91 787 179 844 Ὅταν
197 787 244 864 [τ’]
260 777 276 862 ᾖ
292 784 394 862 γεγονὸς
407 789 444 864 τῷ
460 793 553 866 μακρῷ
567 787 652 866 χρόνῳ
665 787 736 865 παχύ

95 879 134 934 Τὸ
149 875 309 954 βαλλόμενον
323 874 409 931 ἔλαιον
424 877 459 938 εἰς
474 875 502 932 τὸ
516 876 660 954 φάρμακον·

100 963 258 1042 λιθάργυρόν
272 984 301 1018 τε
315 965 365 1017 τῶν
381 961 487 1027 ζεόντων
502 964 662 1018 κατάπασον·

93 1051 162 1129 “Eds
175 1053 197 1107 δ’
212 1049 255 1106 ε’πλ
269 1051 382 1127 μαλακῷ
395 1049 440 1104 καί
455 1051 568 1117 διηνεκεῖ
580 1051 656 1127 πυρὶ,

59 1161 81 1194 ω
98 1142 185 1198 λινῶν
197 1138 299 1213 σπάθῃ·
314 1139 423 1212 βέλτιον,
437 1135 467 1192 διν
479 1143 495 1214 ᾐ
508 1143 540 1215 τῇ
554 1137 674 1214 πευκίνη·

93 1225 180 1284 Ὅταν
192 1225 218 1282 δὲ
230 1225 273 1282 ε’πί
285 1225 377 1303 χρόνον
390 1224 493 1302 μέτριον
504 1223 644 1304 έψούμενον

95 1315 131 1372 T'o
145 1315 282 1392 φάρμακον
295 1312 364 1388 λάθῃ
381 1312 426 1387 μὲν
443 1315 610 1391 ἓμπλάστρου
624 1313 723 1390 πάχος,

96 1401 173 1476 λάθῃ
187 1403 208 1456 δ’
223 1399 317 1474 ὁμοίως
331 1399 469 1478 φαρμάκου
485 1401 624 1474 δυσωδίαν,

98 1487 213 1566 ’θζπαιρε
228 1486 330 1564 ταχέως
343 1487 389 1556 τὴν
404 1487 503 1564 χύτραν
517 1489 625 1544 ἀπὸτοῦ
640 1488 731 1567 πυρός,

60 1597 82 1631 ss
97 1579 182 1633 Ποιῶν
199 1576 293 1653 βραχεῖ
305 1575 351 1650 μέν
362 1576 538 1655 σκληροτέραν
552 1579 577 1632 ἐν
593 1581 629 1654 τῷ
643 1577 722 1654 θέρει,

95 1663 227 1732 Μαλάκην
242 1663 268 1720 δὲ
281 1668 325 1719 τοῦ
339 1667 480 1740 χειμῶνος,
494 1663 636 1738 άμολυντον
650 1666 672 1720 δ’
685 1663 762 1738 ὅμως·

96 1751 168 1810 Κίνει
184 1750 205 1807 δ’
218 1751 311 1826 δμοίως
327 1749 373 1816 ἕως
389 1751 498 1826 μετρίως
514 1755 642 1831 ὑποψυγῇ·

98 1830 162 1898 λῖτα
178 1839 257 1895 πάλιν
270 1840 344 1916 χερσὶ
357 1839 542 1915 σκληροτέραις
556 1841 710 1917 πρόσπασσε
723 1849 774 1896 πᾶν

96 1925 260 2004 Μαλαχθέν·
273 1924 340 1983 οὕτω
353 1925 506 2004 μεταφέρειν
520 1929 548 1982 ἐκ
561 1931 606 1995 τῆς
617 1925 722 2004 χύτρας.

60 2037 82 2066 ω
96 2013 179 2070 Ὅταν
198 2013 218 2069 δ’
231 2006 248 2090 ᾖ
263 2015 356 2092 χρεία,
370 2014 448 2071 πάλιν
463 2014 603 2088 μαλάττειν
620 2015 741 2090 εὐτόνως,

96 2105 216 2180 liminari
231 2102 253 2157 τ’
268 2103 397 2174 ἐπιμελῶς
410 2103 595 2174 έμπλάσαντας
609 2102 729 2179 δέρματι,

93 2191 183 2254 ilico<
199 2189 348 2246 ἑπιύάλλειν
362 2187 488 2262 εὐμεγέθη
504 2188 537 2246 τά
549 2192 671 2260 σπληνιά.

97 2277 204 2348 Ταύτην
219 2275 246 2332 δέ
258 2275 305 2344 τήν
322 2275 488 2354 έμπλαστρον
502 2280 523 2332 εἰ
540 2279 625 2354 βούλει
642 2277 701 2334 ποτέ

98 2365 207 2423 Μᾶλλον
219 2368 301 2421 ποιεῖν
317 2363 379 2442 πρὸς
391 2370 468 2440 νεῦρα
484 2365 572 2441 παχέα
588 2366 631 2421 καί
645 2367 725 2440 μύας,

60 2475 81 2508 aa
96 2451 226 2530 Σκληρυύς
237 2473 266 2508 τε
278 2449 407 2527 μασθοθς,
420 2451 501 2530 άρθρα
513 2452 537 2507 τ’
548 2451 711 2530 ἰξιμδηκάτα,

96 2543 227 2618 Μαλάχης
240 2540 332 2619 άγρίας
344 2544 395 2596 τῶν
411 2539 496 2617 ῥιζίων
510 2540 600 2618 λίτραν
615 2541 702 2618 βαλὼν

97 2632 224 2706 Kodapeis
240 2627 311 2704 [καί]
326 2627 495 2706 προσφάτιυν,
509 2629 553 2685 καί
566 2631 673 2706 [ταῦτα]
690 2629 821 2704 συντεμὼν

98 2719 138 2780 tii<
149 2717 330 2780 δακτυλιαίους
344 2719 380 2794 τῷ
395 2739 422 2772 τε
436 2716 513 2790 μήκει
529 2717 572 2773 καὶ
584 2717 663 2794 πήχει

95 2805 195 2876 Τόμους
206 2804 331 2861 toldello
343 2806 393 2868 τοῖς
405 2803 487 2871 ζέουσ’
499 2807 523 2860 ἐν
539 2829 569 2881 τη
586 2806 686 2883 χύτρᾳ·
710 2809 716 2820 “

59 2913 82 2950 τυ
98 2893 177 2950 ’ilaus
191 2891 217 2949 δὲ
232 2899 320 2948 πᾶσαν
335 2890 498 2969 άνθρακωθέν
513 2891 535 2948 τ’
550 2893 672 2969 άποόάλη

94 2981 149 3046 Τὴν
163 2979 259 3052 ἰκμάδα
277 2979 328 3055 [τε]
345 2977 387 3035 καί
402 2979 448 3046 την
464 2978 573 3052 δύναμιν
586 2979 614 3034 τδ
629 2979 775 3056 φάρμακον,

96 3065 212 3142 'limpor
229 3066 290 3144 irc'p]
302 3069 378 3143 ἠθμῷ
393 3070 438 3134 τῆς
454 3067 576 3143 μαλάχης
593 3065 625 3120 ric
642 3065 721 3144 ῥιζία·

101 3153 173 3210 λείαν
189 3153 211 3208 δ’
225 3151 356 3216 ἐπιπάσας
369 3151 414 3220 τὴν
427 3153 593 3230 λιθάργυρον,
607 3151 664 3208 τότε

94 3241 222 3318 ’Ὶθγησοη
234 3243 268 3302 ὡς
282 3241 405 3316 προεῖπον
421 3239 541 3315 πρόσθεν,
556 3239 600 3296 καὶ
615 3240 693 3296 πάλιν

60 3349 80 3383 :s
96 3329 200 3384 'baddau
213 3328 235 3385 θ’
247 3326 357 3402 ὁμοίως,
373 3325 417 3383 καὶ
430 3327 473 3382 τὸν
487 3329 564 3383 αὐτόν
575 3331 632 3404 χρῶ
645 3327 739 3405 τρόπον

93 3505 177 3560 Τοῦτο
189 3503 215 3558 δὲ
228 3501 353 3579 ἑκατέρας
369 3499 432 3580 φησί
446 3500 492 3566 τὰς
505 3501 596 3577 ἀρετάς
610 3500 678 3578 ἔχειν

94 3589 126 3646 Ὁ
141 3595 241 3668 πρῶτος
253 3591 335 3668 εὑρὼν
352 3589 521 3667 Μενεκράτης
533 3591 562 3646 τὸ
573 3589 721 3670 φάρμακον,

94 3678 172 3756 'strip
186 3679 338 3754 κράτιστος,
356 3677 455 3742 cerosi<
467 3678 530 3756 πρὸς
544 3677 592 3746 τὴν
604 3677 714 3754 τέχνην·
767 3745 776 3764 ·

96 3769 146 3826 liud
160 3765 209 3844 γάρ
220 3767 358 3846 φυλάττειν
373 3765 405 3823 τόν
416 3765 544 3846 νεότρωτα
556 3767 695 3844 τραύματα

58 3876 77 3910 ,ιι
93 3855 160 3933 ,δίχα
174 3857 333 3932 φλεγμονῆς,
345 3857 442 3934 κολλᾷν
457 3879 484 3911 τε
499 3855 531 3910 τόν
545 3854 688 3932 διῃρημένα

94 3941 215 3999 Ἔπεισεν
232 3947 315 4018 ἡμᾶς,
329 3941 374 3999 καί
390 3941 422 3997 τδι
435 3941 616 4020 φλεγμαίνοντ’
630 3939 695 4017 άγαν

93 4027 181 4100 Ἕλκη
191 4029 353 4108 θεραπεύειν,
369 4030 427 4094 τούς
440 4052 466 4085 τε
480 4030 622 4104 τρωθέντος
635 4029 702 4104 μύας

95 4119 163 4194 ,δίχα
177 4119 240 4182 τινός
254 4119 334 4176 ἄλλου
348 4122 399 4174 τῶν
413 4108 514 4195 βοηθεῖν
527 4118 674 4192 δυναμένων

99 4207 350 4282 Ιιαταπλασμάτων,
362 4207 483 4281 σπόγγων
496 4207 578 4262 τεκαὶ
590 4209 641 4261 τῶν
654 4205 798 4282 ἐμύροχῶν,

60 4313 81 4348 ‘a
96 4295 184 4350 ΙΙοιείν
196 4293 221 4350 δὲ
234 4294 322 4351 πάντα
333 4293 382 4350 ὅσα
395 4292 539 4370 ἔμπροσθεν
553 4284 626 4350 εῖπον
638 4298 719 4349 ποιεῖν

94 4381 148 4450 Τὴν
163 4381 204 4438 διὰ
215 4382 371 4461 λιθαργύρου
382 4405 409 4438 τε
425 4383 469 4438 καὶ
483 4382 632 4459 ἀξουγγίου,

100 4461 174 4526 Εἶναι
185 4471 206 4526 δ’
219 4471 323 4546 ἄριστον
338 4469 434 4527 πεσσδν
446 4473 472 4526 ἐν
482 4470 708 4548 κεχρονισμέναις,

98 4555 141 4615 Ἑν
154 4559 311 4636 προσφάτοις
323 4581 350 4614 τε
364 4560 519 4635 φλεγμοναῖς
531 4562 576 4624 τῆς
588 4557 709 4634 ύστέρας,

102 4643 183 4712 'iii-ar,
198 4669 224 4702 τε
236 4647 351 4722 πληροῦν
364 4648 456 4715 κοῖλα,
473 4647 599 4727 διεθεῖσαν
612 4645 686 4722 μύρῳ

61 4754 83 4788 ιιι
95 4730 202 4811 Ἱλοδίνῳ
212 4737 340 4792 loculoso
354 4732 377 4810 γ’
391 4732 407 4802 ἢ
423 4735 497 4813 καλῷ
511 4735 666 4810 μυρσινίνῳ,

99 4821 215 4880 Καθόλου
226 4846 252 4879 τε
264 4831 318 4878 πᾶν
330 4821 509 4897 κατάπλασμα
522 4821 567 4878 καί
579 4831 631 4877 πᾶν
643 4823 779 4899 φάρμακον

97 4909 206 4974 ’λῖξωθεν
222 4911 261 4967 ἐπ’
275 4913 359 4967 αὐτῶν
375 4911 435 4988 φησ’
448 4909 679 4988 ἐπιρριπτούμενυν

100 4989 304 5072 impressoriam
318 4999 370 5062 τοῖς
385 5021 415 5074 γε
427 4999 509 5075 ταύτῃ
523 4999 677 5076 χριομένοις.

97 5083 188 5141 'tiam
203 5085 223 5140 δ’
236 5089 386 5164 ἀναγραφῆς
398 5085 466 5152 άξιον
478 5087 507 5142 τὸ
521 5092 673 5164 φάρμακον·

67 5197 83 5227 u
110 5175 166 5240 Ιίδη
179 5173 203 5229 δὲ
216 5177 306 5230 πιστόν
319 5177 374 5231 ἐστι
387 5174 430 5230 καὶ
446 5183 497 5238 τοῖς
514 5175 659 5250 βασκάνοις.

97 5261 207 5336 impedi
219 5263 282 5320 αὐτὸ
295 5263 376 5320 ποιεῖν
388 5269 477 5319 τοῦτον
492 5265 535 5319 τον
549 5265 651 5339 τρόπον·

125 5373 261 5408 unrocum.

869 623 960 682 llyeme
969 623 1115 680 narrrqoeest
1127 619 1301 678 necessarium,
1314 631 1439 680 ηυιιιιιφυε
1452 619 1554 668 inditum

869 705 1018 754 hledicamini
1030 719 1136 754 crassum
1147 705 1226 754 oleum
1240 707 1309 766 longo
1320 709 1428 767 ternpore

869 795 989 852 evaserim
1001 794 1158 855 lithargyrum
1169 795 1194 842 et
1204 793 1350 842 terrentibus

870 883 1011 942 iasparuile,
1022 883 1066 930 levi
1079 884 1131 944 igne
1142 886 1165 929 et
1177 881 1270 930 assiduo
1280 895 1368 943 coquas

867 970 956 1030 spatha
965 983 1076 1028 movens,
1087 983 1161 1031 quam
1174 983 1187 1017 e
1201 969 1264 1018 iseda
1279 973 1376 1030 praestat
1385 983 1479 1020 sumere
1490 988 1497 1031 ;

867 1061 946 1113 Quum
957 1057 1045 1118 ceperit
1058 1057 1170 1106 mediocri
1181 1059 1277 1104 corsicam
1288 1059 1395 1118 tempore

868 1143 1014 1192 medicamen
1025 1146 1070 1192 hoc
1081 1144 1201 1206 emplastri
1212 1145 1402 1206 spissitudinem,

868 1237 974 1280 Necnon
987 1233 1097 1281 ioetorem
1109 1233 1182 1280 simili
1193 1237 1263 1295 pacto
1274 1233 1410 1296 pharmaci,

867 1322 997 1368 Confestim
1013 1321 1044 1368 ab
1054 1321 1107 1381 igne
1120 1320 1250 1369 caccabum
1263 1321 1389 1382 deponito,

869 1410 964 1456 iaciens
974 1421 1016 1470 per
1027 1412 1134 1458 aestatem
1150 1410 1257 1470 parrxillo
1267 1408 1365 1468 durius,

866 1495 912 1542 sod
924 1496 1008 1554 hyeme
1022 1496 1132 1557 mollius,
1143 1509 1191 1544 non
1201 1497 1328 1558 inquinans
1340 1501 1434 1554 tamem

868 1586 963 1630 ltoucto
977 1584 1099 1644 artusque,
1110 1598 1158 1645 quo
1171 1583 1263 1632 modice
1273 1584 1304 1632 ita
1318 1585 1447 1644 relrixerit;

867 1669 905 1713 sic
914 1667 999 1716 deinde
1009 1683 1090 1718 rursus
1099 1671 1210 1720 manibus
1219 1670 1356 1720 durioribus

867 1759 952 1804 'l'otum
965 1757 1092 1805 subactum
1102 1772 1133 1805 ex
1143 1759 1191 1806 otia
1203 1760 1325 1808 transierri
1336 1759 1403 1819 jube.

867 1849 946 1900 erum
958 1845 1034 1904 poscit
1048 1858 1119 1905 usus,
1134 1846 1221 1894 iterum
1234 1847 1312 1894 valide
1322 1847 1427 1907 mollius,

868 1932 981 1992 llollique
995 1932 1120 1992 diiigenter
1132 1933 1251 1993 pelliculae
1264 1934 1374 1994 illinens,
1438 1975 1444 1987 ,

867 2023 997 2080 t’ocrrragna
1008 2033 1079 2080 super
1088 2021 1281 2070 accommodabis
1293 2023 1391 2084 splenia.

869 2108 1029 2168 icrrrplastrum
1047 2121 1104 2156 cero
1119 2109 1163 2156 hoc
1173 2110 1192 2156 si
1203 2109 1299 2170 quando
1310 2111 1429 2158 eiticacius

869 2196 990 2244 llusideres
999 2195 1028 2243 ad
1041 2189 1128 2246 nerias
1141 2211 1247 2258 crassos,
1261 2199 1382 2250 rrrrrscuios

868 2287 993 2346 horasque
1007 2297 1123 2334 trrammas
1133 2289 1206 2347 atqrre
1215 2287 1329 2334 articulos
1337 2288 1433 2348 insuper

867 2375 996 2422 'l'urneutes'
1005 2373 1070 2433 sieri,
1081 2373 1160 2434 pondo
1172 2373 1277 2422 radicum
1288 2373 1364 2422 indito

869 2461 970 2520 agrestis
979 2461 1067 2509 rnaivm
1075 2475 1190 2522 purarum
1200 2475 1228 2509 ac
1239 2461 1385 2522 rer-eutium,

867 2553 990 2597 Sociorum
1001 2550 1024 2596 iu
1035 2553 1114 2609 partes
1123 2549 1189 2611 digiti
1200 2549 1354 2598 crassitudine

868 2644 901 2685 dc
913 2637 1058 2698 longitudine
1069 2638 1092 2684 in
1105 2638 1152 2684 olla
1163 2637 1313 2684 serventibus

868 2729 898 2773 at
909 2738 985 2786 qurnu
998 2724 1122 2772 madorem
1133 2727 1211 2772 totum
1224 2729 1248 2772 ot
1260 2725 1321 2773 uires
1331 2725 1485 2785 pharmacum

868 2817 894 2859 ln
905 2813 1033 2860 carbonem
1046 2825 1188 2861 conversum
1201 2827 1229 2860 ex
1244 2813 1296 2874 igne
1306 2813 1425 2872 amiserit,

868 2900 952 2948 lisivae
963 2899 1080 2948 radiculas
1091 2901 1144 2948 (mlo
1153 2901 1285 2961 susiollito‚

867 2991 898 3034 nt
909 2988 1041 3048 instigatum
1052 2989 1188 3050 inspergens
1198 2987 1255 3036 tunc
1265 2987 1422 3048 lithargyrum

868 3081 950 3137 Corpus
959 3079 1002 3132 tu,
1013 3076 1217 3137 quemadmodum
1227 3077 1291 3134 dixi,
1301 3079 1324 3125 et
1334 3076 1456 3137 reponite,

868 3165 944 3212 studii
956 3163 1028 3211 modo
1040 3177 1123 3212 rursus
1134 3163 1267 3225 eudenupue
1276 3163 1327 3225 ipso
1341 3163 1424 3212 utitor.

1126 3337 1210 3348 —-

869 3515 979 3574 titrisquo
993 3527 1048 3560 ccco
1060 3514 1104 3561 lroc
1114 3513 1205 3562 viribus
1218 3514 1308 3574 pollere
1317 3514 1350 3561 ait
1396 3525 1397 3528 ’

868 3603 960 3650 l'rinms
970 3606 1115 3650 Menecrates
1125 3601 1235 3648 incentor
1246 3603 1402 3661 pharmacum

868 3691 909 3737 Vir
918 3691 958 3750 qui
969 3691 1012 3737 inii
1025 3688 1108 3736 habitu
1119 3689 1236 3736 medicam
1247 3691 1311 3736 circa
1322 3693 1399 3738 artem
1411 3691 1516 3752 optime,

867 3778 977 3826 Recerrtia
987 3777 1050 3824 enim
1063 3791 1158 3824 servare
1168 3778 1228 3825 citra
1241 3777 1406 3838 phicgnmnem

868 3855 987 3923 i'rrlnera,
1003 3879 1046 3912 noc
1059 3878 1106 3912 nou
1118 3865 1194 3912 diuisa
1205 3866 1323 3924 glutinare
1334 3865 1390 3914 item

865 3953 938 4002 Nobis
951 3953 1080 4014 persuasit,
1090 3955 1163 4014 crtqrrc
1174 3953 1323 4000 iotiammata
1338 3953 1417 4001 ulcera

865 4042 939 4089 Nimis
948 4041 1075 4100 medicari,
1087 4043 1111 4087 ot
1124 4041 1262 4088 urrlrrcrntos
1272 4041 1394 4089 rrrrrsculos

865 4129 919 4177 Sine
929 4130 1041 4190 quopiam
1054 4129 1101 4175 alio
1110 4141 1194 4175 eorrrm
1204 4143 1259 4199 quse
1272 4142 1411 4176 succurrere

866 4219 967 4266 Possunt
977 4219 1168 4278 cataplasmatis,
1181 4217 1307 4276 iomontis‘,
1321 4217 1424 4278 spongiis

865 4307 999 4366 Omniaque
1010 4319 1064 4366 ηιιινΙ
1079 4307 1156 4353 iacere
1166 4305 1304 4353 conlirmavi
1320 4306 1384 4366 prius

866 4394 1012 4442 medicamen
1026 4407 1056 4440 es
1070 4394 1199 4454 lithargyro
1213 4395 1235 4441 et
1247 4392 1350 4454 assungia

866 4487 991 4542 l'rragcrc,
1000 4485 1072 4542 atcprro
1082 4481 1200 4541 optinuuu
1211 4495 1304 4540 pessum
1319 4479 1418 4526 diutinis

865 4571 985 4630 horisque
995 4571 1073 4616 virture
1085 4582 1135 4616 esse
1146 4567 1387 4626 inflammationibus,

864 4661 929 4706 Cava
942 4660 1021 4705 rrlrrcra
1031 4659 1143 4718 implere,
1154 4657 1260 4704 solarium
1270 4670 1298 4702 ac
1313 4667 1409 4703 rosaceo

866 4747 907 4794 Vel
918 4749 1011 4806 myrteo
1021 4747 1083 4792 bono
1095 4745 1230 4792 cicatricem
1241 4743 1337 4801 adderc;

865 4835 1009 4882 summatim
1019 4847 1090 4880 omno
1100 4832 1244 4893 cataplasma
1254 4844 1298 4879 nec
1308 4843 1355 4878 oon
1367 4829 1522 4890 pharmacum

866 4923 1019 4970 Extrinsecus
1028 4920 1091 4981 quud
1105 4919 1160 4980 ipsis
1171 4919 1349 4980 superinjicitur

864 5011 1015 5072 Supertlumu
1028 5023 1078 5055 csso
1087 5008 1144 5055 dicit
1157 5008 1203 5054 isto
1216 5007 1346 5054 trientibus.

866 5101 974 5146 Proiecto
985 5098 1082 5154 ‹iiurmm
1094 5094 1221 5156 scriptione
1231 5098 1267 5142 ast
1281 5095 1437 5155 pharmacum

866 5187 940 5246 Cujus
951 5187 1007 5234 lidos
1016 5185 1063 5243 jcrru
1075 5183 1112 5230 vcl
1124 5187 1217 5244 recepta
1227 5186 1262 5230 est
1271 5182 1366 5231 invidis.

865 5271 933 5315 lium
948 5269 970 5313 in
983 5265 1080 5313 trandum
1091 5264 1168 5324 ipsum
1180 5263 1309 5326 praeparari
1319 5260 1431 5311 dictitat:

1525 5351 1551 5390 2⁷
