4022 6050
313 384 344 440 lv
994 378 1210 442 PRAEFATlO.

312 512 492 583 ctivorum
510 533 577 584 usu
598 534 666 608 pro
683 512 844 606 genitivis
859 508 1055 604 objectivis.
1082 508 1302 606 polypodes,
1324 509 1386 606 qui
1406 508 1578 578 arborum
1601 528 1726 578 amore
1753 504 1907 578 dlicuo-

311 665 384 741 tur,
405 649 527 722 dixere
545 655 631 742 πόθῳ
653 646 826 749 δενδρήεντι
851 655 989 722 ἕλκεσθαι
1013 649 1091 720 Hal.
1115 651 1175 736 lV,
1203 673 1293 744 apo,
1327 671 1406 743 quae
1425 645 1571 717 arbores
1591 669 1674 716 cum
1693 644 1767 716 sint
1783 653 1906 737 ἐλαῖαι,

310 774 438 846 eodem
469 774 580 846 modo
606 791 741 880 ἐλαιηρὸς
764 787 856 866 πόθος
884 785 926 855 iis
945 783 1131 868 tribuitur,
1155 780 1203 852 ib.
1228 805 1309 876 299.
1341 782 1383 848 Et
1398 779 1467 850 308
1498 784 1604 876 σάργοι
1634 767 1665 846 δ’
1675 779 1821 876 αἰγείοισι
1845 783 1906 850 πό·

309 919 371 998 θοις
390 917 441 987 ἐπὶ
460 918 699 1012 θιιμὸνῖχουσιν,
718 919 809 1013 αἰγῶν
826 905 1034 1012 θ’ίμιίροιισιν.
1063 917 1108 1000 V,
1126 911 1172 998 43
1206 919 1325 993 adreio(
1355 914 1467 1006 μόθος,
1497 914 1585 1005 Cyn.
1603 911 1661 995 lV,
1687 909 1755 981 106
1781 913 1904 1008 θήρειος

313 1056 426 1141 μῶλος.
457 1039 628 1144 Ᾱνθρόμιοι
658 1051 743 1144 φόνοι
765 1048 838 1120 Hal.
855 1053 900 1137 V,
920 1051 1012 1136 4203
1036 1051 1110 1144 tripu
1129 1048 1290 1141 ἱχθνόισοα
1310 1049 1336 1132 Ι,
1353 1043 1441 1132 666;
1470 1044 1546 1140 οἷγρη
1564 1045 1724 1136 ἰχθυόιοοοι
1740 1045 1789 1129 V,
1815 1041 1901 1138 372.

278 1281 280 1288 .
308 1179 442 1249 Cantus
460 1175 507 1248 de
522 1177 603 1248 ieris
618 1184 731 1271 θόρειος
744 1175 833 1256 ἀοιδὴ
848 1183 934 1274 Cyn.
953 1183 999 1266 ll,
1019 1176 1105 1260 158;
1127 1187 1166 1259 ὡς
1184 1179 1301 1272 ἐράριην
1317 1182 1367 1246 καὶ
1382 1177 1507 1270 πρόσθεν
1528 1182 1557 1245 ἐν
1576 1177 1759 1270 ἱππαλόῃοιν
1775 1169 1902 1254 ἀοιδαῖς

309 1298 360 1370 ib.
377 1303 437 1389 tv,
461 1299 537 1372 163.
562 1301 637 1391 sic,
652 1303 787 1398 opinor
804 1331 821 1366 ο
839 1300 974 1372 lrordea
991 1302 1054 1396 qui
1067 1299 1157 1371 dixit
1175 1314 1336 1395 superest
1351 1313 1389 1369 ut
1408 1298 1524 1369 tritica
1543 1295 1641 1370 dicat
1659 1327 1686 1367 ν.
1718 1297 1903 1370 Similiter

304 1429 509 1527 judicamus
526 1430 571 1503 de
589 1432 844 1505 emendatione
866 1433 939 1505 llal.
960 1436 1018 1520 lV,
1037 1437 1103 1517 don
1123 1459 1130 1499 :

626 1591 695 1650 Τοῖα
711 1591 759 1667 μὲν
771 1591 798 1650 όν
808 1589 958 1651 νεπόδεσσιν
973 1590 1036 1668 ἔρως
1049 1583 1171 1662 &uriom
1185 1589 1278 1662 ἄεθλα,

626 1695 706 1762 ποίαις
719 1695 743 1754 δ’
760 1694 920 1776 ἐξαπότῃσιν
936 1693 1128 1776 ἐρωμανέισοιν
1142 1693 1241 1754 ὄλοντο.
1294 1743 1302 1754 ,

311 1892 329 1927 α
350 1859 514 1948 Insidiae,
535 1861 655 1957 inquit
676 1863 731 1934 vir
749 1861 1003 1949 doctissimus,
1041 1861 1174 1958 quibus
1199 1863 1392 1959 capiuntur
1420 1861 1510 1956 sargi
1539 1858 1689 1931 libidine
1718 1857 1900 1930 obcaecati

309 2001 365 2070 vix
385 2003 471 2098 ipsae
486 2000 558 2074 dici
575 2017 740 2100 poterant
759 2009 923 2100 ἐρωμανέις
945 2027 964 2067 ιι
984 2024 992 2070 :
1016 2027 1137 2100 quare,
1161 2028 1244 2074 curn
1262 2003 1297 2073 in
1321 2000 1427 2073 codd.
1444 2000 1517 2072 Pal.
1535 2027 1547 2072 1
1568 2005 1668 2096 (cum
1680 1998 1901 2094 glossemate

309 2125 411 2230 ἔρωσι)
422 2134 528 2203 Paris.
550 2159 561 2204 ι
582 2137 766 2230 etldosqu.
784 2134 920 2230 legatur
933 2137 1144 2232 ἐρωμανίῃοιν,
1158 2135 1391 2207 scribendum
1408 2135 1603 2207 arbitratur

625 2291 708 2359 τοίαις
722 2293 745 2350 δ’
760 2289 891 2373 ἰξαποῖτῃς
908 2293 1042 2372 (-ταιςθ)
1060 2294 1086 2352 ἐν
1101 2292 1279 2374 ἓροιμανῖῃσιν
1296 2290 1395 2351 ὄλοντο.

274 2499 280 2512 ,
310 2432 418 2504 Nobis
447 2433 484 2502 id
515 2433 715 2504 admodum
740 2434 941 2506 dubitabile
977 2461 1060 2508 curn
1092 2434 1316 2506 liberrimum
1343 2457 1448 2504 usum
1478 2430 1739 2528 adjectivorum
1766 2433 1805 2502 iu
1842 2433 1898 2502 bis

308 2563 540 2655 carminibus,
557 2565 706 2636 minime
718 2565 794 2653 illu,
807 2566 907 2662 quod
923 2568 1113 2662 tetigimus,
1127 2593 1255 2662 genere
1266 2566 1441 2637 contineri
1457 2563 1897 2662 reputantibus-nonne

307 2720 524 2800 portentosae
538 2705 612 2775 lere
626 2703 774 2801 οιθόρειαι
786 2702 891 2777 ὀδόντι
911 2707 989 2778 llal.
1008 2711 1068 2797 tv,
1084 2707 1229 2794 548²—
1241 2723 1316 2779 tutu
1327 2708 1428 2779 bunc
1444 2707 1566 2778 locum
1578 2705 1894 2802 comparantibus,

307 2837 370 2929 qui
393 2835 498 2906 estin
521 2836 622 2906 initio
653 2835 736 2909 libri
762 2839 878 2932 quarti
906 2865 913 2904 :

623 3001 730 3070 Ἄλλους
742 3004 766 3062 δ’
780 3003 951 3086 ἀγριοτῆροιν
966 3006 1086 3086 ιἰπήγαγι
1096 3003 1176 3080 ληΐδα
1191 3007 1271 3088 θήρης

624 3109 700 3188 leia
713 3109 795 3190 ἔρως·
810 3113 892 3171 ὀλοῶν
911 3112 938 3170 δὲ
950 3111 1054 3190 γόμιον,
1070 3115 1146 3185 ὀλοῆς
1159 3115 1183 3174 τ’
1197 3115 1338 3196 ἀφροδίτης

624 3214 764 3289 ἠντίασαν,
780 3215 932 3282 σπεύδοντες
947 3217 992 3289 ἑὴν
1007 3219 1157 3297 φιλοτήσιον
1172 3219 1246 3293 ἄτην.

307 3365 394 3435 ltem
426 3366 463 3451 l,
504 3361 584 3450 546.
608 3369 792 3451 Quantum
816 3370 912 3438 enim
940 3370 1048 3440 distat
1071 3377 1246 3466 φιλοτήσιος
1265 3370 1532 3468 ότη,ροιιιίοἰοο
1547 3394 1610 3468 per
1627 3392 1790 3440 amorem
1806 3393 1894 3440 con-
1973 3419 1974 3456 ,

305 3508 428 3576 tracta,
451 3508 486 3564 et
511 3493 665 3577 ἐξαπότὰι
694 3506 856 3597 ἐρωμανέις
883 3502 1057 3573 «insidiae
1085 3528 1149 3600 per
1175 3506 1282 3576 surius
1311 3506 1444 3578 amoris
1470 3505 1712 3576 cotttractaea?
1736 3501 1892 3586 ἐξαπάτας

305 3627 426 3725 potius
447 3628 599 3722 cogitem
620 3655 708 3728 quas
729 3634 919 3704 subierunt
945 3660 1054 3731 quam
1083 3662 1163 3733 quae
1190 3640 1232 3710 iis
1257 3621 1457 3712 struuntur.
1487 3639 1557 3710 Sed
1584 3653 1623 3710 ut
1650 3637 1695 3709 ad
1719 3644 1890 3732 Τοραόνιον

304 3771 434 3855 ὀλετῆρα
461 3761 619 3848 redeam,
642 3789 686 3833 an
709 3780 801 3836 recte
816 3765 947 3839 dicitur
972 3784 1138 3866 correpta
1154 3772 1269 3868 prima
1294 3777 1486 3868 Τυρόονοςθ

353 3907 444 4000 Cyn.
463 3908 509 3993 lt,
528 3907 599 3990 Διό
620 3907 662 3974 V.
685 3908 729 3976 D.
750 3906 957 3980 emendatio
982 3911 1069 3993 ἦλθες
1087 3921 1117 3992 ἐς
1136 3913 1235 4009 αἰθέρ’,
1262 3910 1355 3985 ἔδεισε
1366 3910 1395 3983 θ’
1410 3920 1457 3985 ὅτ’
1477 3909 1585 3985 atltae
1604 3917 1719 4009 μακρὸς
1740 3895 1891 4010 ὁλνριπος
1972 4009 1973 4014 ¹

299 4024 373 4120 jam
392 4040 540 4125 propter
558 4051 680 4098 versus
699 4027 903 4102 scabritiem
923 4029 1063 4104 admitti
1087 4059 1162 4106 nou
1184 4050 1354 4132 poterat:
1375 4036 1438 4108 sed
1456 4035 1635 4135 Gerbardi
1657 4035 1778 4133 potior
1804 4037 1890 4108 risa.
1972 4017 1973 4034 ¹

302 4167 372 4238 Sed
391 4167 489 4266 quod
508 4168 605 4267 apud
625 4169 885 4243 Sclmeiderum
903 4171 1087 4268 legebatur
1112 4173 1198 4259 ἦλθες
1216 4188 1244 4260 ἐς
1264 4183 1377 4276 αἰθέρα,
1399 4175 1532 4250 illurn
1549 4173 1586 4249 tt
1602 4207 1635 4248 σι
1660 4175 1888 4249 -admouet

303 4323 371 4371 nos
397 4301 496 4396 (nam
517 4300 563 4371 de
579 4299 679 4371 biatu
698 4299 773 4395 jam
795 4317 881 4374 nota
907 4329 963 4375 res
983 4309 1051 4401 est)
1081 4308 1126 4378 de
1143 4308 1211 4380 bac
1231 4337 1365 4384 caesura
1393 4311 1673 4408 haudquaquam
1699 4308 1887 4382 tolerabili.

302 4433 388 4502 Earn
415 4445 456 4502 ut
479 4430 721 4504 Schneiderus
749 4432 811 4504 bic
842 4435 985 4526 intulit,
1011 4440 1062 4510 sic
1081 4440 1162 4511 tulit
1200 4443 1253 4512 vel
1279 4445 1400 4515 intulit
1420 4449 1507 4541 Cyn.
1528 4449 1597 4532 lV,
1626 4447 1697 4539 407
1720 4438 1888 4540 ἀμρόόολος
1971 4457 1972 4474 ’

297 4583 400 4668 pala,
414 4577 544 4670 πάμπαν
558 4573 728 4671 ἀτυζομένο
748 4582 930 4674 πιρόρηται.
956 4581 1029 4666 Qui
1048 4605 1191 4652 comma
1205 4583 1296 4655 illud
1313 4610 1387 4656 non
1402 4585 1537 4662 babent
1551 4609 1592 4656 ex
1607 4583 1887 4681 antiquioribus,

297 4720 335 4774 ut
362 4704 573 4777 Schneider.
596 4708 673 4804 ipse
692 4709 866 4806 inpriore
884 4709 941 4781 ed.
956 4727 992 4782 et
1005 4713 1273 4806 Rittersbusius,
1292 4717 1439 4790 sortasse
1457 4734 1661 4798 tamennon
1676 4732 1774 4790 recte
1787 4715 1887 4789 intel·

297 4844 347 4914 lex
359 4862 461 4918 eraut
478 4873 484 4915 :
504 4847 603 4944 quod
622 4865 717 4920 certe
736 4875 777 4920 ex
792 4851 1020 4924 Rittersbusii
1037 4854 1330 4950 interpretatione
1345 4857 1453 4929 latina
1468 4859 1692 4955 intelligitur.
1716 4859 1786 4930 Sed
1805 4865 1887 4956 ραλα

303 4993 432 5084 πάμπαν
466 4989 715 5084 rorrjuugenda
736 5007 819 5062 suut
839 5019 846 5062 :
864 4997 1044 5065 Homerus
1064 4999 1147 5088 μοιλα
1179 5002 1305 5094 πάγχυ,
1326 4998 1609 5072 Halieuticorum
1635 5001 1792 5096 scriptor
1805 5003 1886 5094 μαλα

302 5136 410 5209 πάντες
437 5133 489 5210 ll',
506 5134 570 5214 ,lar
593 5145 642 5213 et,
669 5134 729 5226 qni
750 5158 869 5204 versus
897 5135 998 5205 illum
1029 5140 1180 5209 struenti
1208 5139 1419 5210 obversatus
1447 5156 1519 5231 est,
1549 5146 1606 5232 lV,
1632 5140 1703 5213 333
1730 5146 1885 5237 οἰχνόριινιι
