3992 6078
312 579 348 628 70
1018 561 1214 622 ΜΟΝΙΤΠΜ.

311 698 390 756 παντί
401 697 466 778 λίθῳ
476 695 600 777 σκορπίος
614 695 691 770 εὕδει,
708 697 849 755 nimirum
865 696 1007 755 abstrusae
1020 715 1099 773 quae·
1148 669 1344 773 probabiliter
1357 694 1491 755 Wernsd.
1503 729 1543 738 -
1556 716 1591 753 ιο
1601 695 1642 770 εἰς
1655 693 1780 770 εὖτόμους
1797 694 1879 760 ἕλικας
1894 697 1916 752 ἐ-

312 795 376 852 dam
387 807 415 853 et
426 793 570 873 perplexae
582 813 678 868 nuga.
687 791 739 851 Ed.
750 792 964 869 patriminam,
977 791 1042 850 cod.
1053 814 1099 868 με·
1147 790 1334 872 σπειρομένην,
1346 792 1511 850 siccorrexi
1519 811 1585 869 quae
1594 790 1759 850 edebantur
1770 794 1804 857 εἰς
1811 791 1870 850 αὐτὸ
1878 791 1916 868 μέν

312 887 781 956 veneticorum—auErad6iocrm
790 888 900 946 codex
908 889 1100 947 correctione.
1147 885 1237 953 ἑλίκας
1251 889 1323 965 (sic)
1340 887 1520 968 ἐπαραμένην.
1534 886 1678 946 Similiter
1692 889 1725 946 in
1733 892 1842 946 Plana's
1851 910 1878 946 τ.
1887 891 1916 945 68

313 987 352 1031 -’-
363 1006 417 1044 aar
431 983 571 1066 ἀφυὸρίσοι
583 984 661 1057 cod„
673 1006 761 1042 -σει
775 984 822 1042 ed.
839 1019 873 1028 -
884 985 940 1052 246
948 982 1101 1062 ἀναγκέσοι,
1146 983 1297 1061 legebatur
1309 983 1491 1064 ἐσπαρομένος
1500 1006 1556 1060 pro
1565 983 1767 1065 ἐνσπειρομὲνος
1774 985 1825 1066 (sic
1831 987 1917 1056 codex,

314 1091 372 1161 ο49
386 1079 558 1161 ποροκμοίσοι
575 1080 641 1141 cod.
657 1113 697 1124 -
709 1089 766 1151 ²74
781 1085 863 1158 μῦρον
875 1079 975 1137 codex.
993 1079 1101 1137 Mirum
1146 1099 1206 1138 non
1218 1082 1308 1158 dem).
1322 1116 1361 1126 -
1378 1102 1410 1138 τι
1428 1079 1480 1160 γὰρ
1495 1080 1562 1138 dedi
1575 1100 1628 1160 pro
1640 1103 1682 1159 γε.
1697 1113 1738 1127 -
1750 1090 1794 1151 .ι4
1809 1081 1918 1159 σνλλέγον

313 1176 392 1236 istud
402 1179 496 1249 ἡδονῆς
509 1176 626 1234 reddidi
640 1189 672 1234 ut
683 1176 776 1254 potui.
790 1209 827 1218 —
844 1178 901 1232 310
917 1173 1037 1250 εὐοσμίαν
1053 1196 1100 1234 co·
1147 1176 1252 1254 scripsi
1280 1176 1359 1254 quod
1377 1190 1440 1234 erat
1456 1175 1601 1255 συλλέγων,
1627 1177 1671 1234 sic
1693 1177 1867 1236 intellectum
1889 1177 1919 1234 ab

313 1275 370 1332 dex
397 1286 563 1344 correctus,
594 1272 673 1349 quod
702 1270 886 1329 desiderabat
917 1271 1038 1330 Wernd.
1063 1304 1102 1316 -
1146 1272 1355 1331 Editorezcad
1367 1271 1591 1350 instarlapidis,
1601 1272 1655 1331 luti
1665 1274 1919 1333 onerasensimooi-

316 1369 633 1450 3οοκτέσρ,οριοὶσνιτίσ,
646 1367 749 1446 στέγος,
767 1367 845 1436 σπέος
864 1382 955 1427 tentat
965 1369 1099 1430 Wernsd.
1147 1368 1275 1446 ligantis.
1295 1396 1307 1422 ν
1327 1405 1363 1413 -
1383 1391 1416 1442 17
1435 1369 1514 1450 βλίσῃ
1530 1370 1595 1428 cod.
1620 1404 1658 1414 —
1675 1392 1710 1446 19
1731 1372 1791 1430 oin
1810 1371 1861 1430 ἐπί
1872 1392 1919 1428 non

314 1469 418 1534 -344
430 1465 527 1542 μένοις,
537 1467 596 1522 360
609 1463 728 1535 ἐοςδιώκοι
738 1466 804 1525 cod.
814 1466 918 1522 -365
931 1463 978 1536 τὴν
992 1464 1101 1542 δύναμιν
1148 1479 1225 1523 recte
1243 1465 1430 1544 productum.
1455 1467 1498 1524 De
1514 1465 1613 1524 eadem
1635 1486 1667 1524 re
1682 1467 1817 1546 loquitur
1830 1469 1918 1546 quain

315 1561 417 1636 codex,
433 1575 553 1620 accentu
576 1580 697 1639 prorsus
714 1561 852 1633 insolito,
875 1549 996 1618 uthaud
1015 1560 1104 1619 dubie
1148 1563 1328 1641 praecedente
1342 1575 1475 1642 poemate
1498 1585 1526 1620 v.
1546 1565 1582 1621 38
1601 1563 1668 1622 :aad
1684 1564 1867 1646 βουκροίνοο
1887 1565 1919 1624 κί-

315 1657 504 1716 scribendum
519 1658 557 1716 sit
688 1725 692 1732 ι
1149 1681 1223 1731 νησιν
1236 1661 1347 1724 ἑστῶτος
1366 1657 1452 1739 φέρων
1469 1661 1665 1740 ταλασιουργεῖ.
1683 1661 1723 1719 Ut
1732 1659 1782 1720 hic
1797 1662 1933 1720 facilene-¹

377 1783 418 1830 καὶ
429 1783 509 1844 θαῦμα
517 1785 589 1831 ,χῶν
597 1782 640 1840 ,ἢν
652 1779 750 1843 δύωμω
759 1784 808 1829 τῶ,
817 1780 901 1840 λόγων.
1149 1753 1223 1830 gites
1236 1753 1272 1810 de
1286 1751 1332 1810 καὶ
1343 1751 1390 1823 τὴν
1403 1751 1521 1832 κεφαλὴν
1534 1755 1568 1818 ὡς
1583 1753 1635 1811 ἀπὸ
1647 1753 1782 1835 κροίνου,
1798 1759 1857 1814 sire
1867 1754 1921 1814 ὥστε

1151 1849 1306 1930 βουκροίνου.
1336 1850 1458 1930 (Κροίνον
1471 1852 1508 1908 de
1522 1859 1616 1928 capite
1629 1852 1718 1910 habet
1737 1853 1919 1930 Euanthius.)

355 1948 395 2006 IN
415 1947 573 2007 vEuttEtt
595 1948 764 2008 SERlCUM
786 1969 890 2008 versus
915 1949 1007 2007 edidit
1027 1951 1054 2008 J.
1070 1949 1103 2008 L.
1149 1947 1205 2007 Sed
1215 1951 1247 2008 in
1261 1949 1362 2008 hisme
1376 1951 1541 2007 contineam
1557 1963 1689 2028 oportet,
1706 1972 1797 2028 quum
1816 1972 1923 2035 prorsus

316 2045 446 2104 ldelerus
457 2046 489 2103 in
502 2044 582 2106 vobi
601 2045 796 2123 Physicorum
808 2058 836 2103 et
851 2045 925 2104 Med.
941 2046 1036 2105 Graec.
1048 2047 1104 2104 mi·
1149 2044 1282 2118 ignorem
1302 2044 1420 2121 quaesit
1435 2044 1543 2122 forma,
1556 2045 1623 2122 quis
1637 2065 1708 2104 usus
1727 2047 1870 2128 βουκρένοὺ
1889 2050 1924 2106 in·

316 2161 435 2212 norum,
452 2162 482 2219 p.
500 2142 634 2217 287·9,e
658 2142 759 2199 codice
778 2141 957 2199 Monacensi.
974 2141 1106 2200 Millerus
1150 2139 1314 2198 strumenti.
1328 2173 1367 2182 -—
1380 2160 1418 2214 ²9
1436 2139 1593 2221 ὑποληφθεὶς
1616 2140 1681 2201 cod.
1701 2176 1743 2186 —
1759 2144 1794 2200 31
1813 2146 1889 2223 χωνοῖ
1904 2157 1926 2200 et

272 2299 274 2304 ,
316 2237 402 2294 etiam
417 2237 639 2316 descripserate
653 2236 824 2295 Florentino
835 2237 935 2295 codice
950 2259 956 2293 :
971 2241 1020 2314 qui
1036 2237 1105 2295 libri
1150 2233 1311 2300 πιλνιθέντας
1340 2235 1404 2293 cod.
1435 2269 1475 2278 —
1502 2238 1538 2308 37
1572 2235 1784 2314 ἐγκοσμούμενος
1811 2239 1876 2297 cod.
1895 2272 1926 2283 -

316 2335 376 2393 dno
383 2355 506 2414 prorsus
513 2336 621 2412 gemini
631 2348 709 2408 sunt,
717 2335 767 2393 sed
774 2349 823 2393 aut
833 2336 1011 2414 typographi
1021 2336 1125 2415 culpa,
1152 2330 1598 2411 38προσηνῶς5οῐἱρ8ἰ;πρόςὴμθς
1608 2333 1770 2404 cod—to
1777 2334 1860 2416 φίλων
1870 2336 1927 2395 cod.

318 2445 368 2489 aut
381 2430 445 2509 ejus
461 2433 512 2509 qui
531 2431 660 2489 codicem
679 2444 865 2503 versaverat,
882 2431 1025 2489 nonnulla
1036 2452 1106 2510 per·
1150 2462 1190 2474 -
1207 2431 1242 2499 43
1259 2433 1294 2495 ὡς
1307 2428 1357 2487 ὑπὸ
1378 2431 1464 2509 λῃστῇ
1480 2433 1517 2508 τῷ
1529 2436 1573 2512 φθ.
1591 2430 1698 2490 πάντων
1710 2433 1814 2515 φθόρον
1833 2435 1926 2494 codex.

316 2546 416 2605 peram
438 2546 575 2606 expressa
591 2527 728 2602 leguntur
745 2515 801 2605 ap.¹
812 2526 929 2598 ideler.,
945 2547 1011 2604 quae
1029 2528 1106 2586 haud
1151 2525 1255 2583 Philen
1269 2525 1346 2604 sapit
1360 2524 1552 2584 Wernsdorfii
1575 2528 1722 2586 restitutio
1738 2528 1790 2609 (nt
1807 2529 1884 2591 Mors
1897 2533 1928 2589 sit

316 2624 406 2684 dubie
419 2637 496 2682 recte
505 2622 614 2682 habent
626 2624 658 2682 in
672 2625 737 2682 cod.
751 2624 930 2682 Monacensi.
951 2657 991 2668 -
1005 2626 1055 2700 46,
1070 2633 1105 2698 47
1150 2625 1233 2702 quasi
1245 2623 1424 2704 ἀρχιλῃσπής)
1440 2644 1528 2701 quam
1540 2625 1650 2703 recepi3
1666 2627 1756 2685 malni
1767 2641 1862 2688 tamen
1873 2628 1929 2686 πίν

317 2742 377 2780 non
396 2722 466 2780 satis
478 2721 632 2796 intellig03
647 2734 676 2778 et
694 2721 802 2779 deserit
822 2721 1022 2798 apographum
1043 2719 1108 2778 Flo·
1150 2743 1202 2777 των
1217 2718 1303 2800 φθόρῳ
1329 2720 1392 2778 sive
1416 2719 1589 2801 ποντοφθόρῳ
1617 2742 1679 2799 ρττο
1701 2722 1823 2799 vulgato
1851 2752 1863 2776 α
1888 2726 1929 2802 qui

317 2818 437 2893 rentini,
459 2817 623 2875 adversum
647 2819 684 2884 48
707 2817 846 2874 aberrans
861 2821 932 2874 ποιεῖ
944 2816 995 2896 γὰρ
1015 2816 1108 2883 αὐτοὺς
1152 2819 1252 2876 omnia
1273 2817 1382 2876 caduca
1404 2831 1511 2890 vastat,
1537 2845 1549 2870 ο
1576 2819 1727 2896 quomodo
1750 2823 1875 2901 explicat
1896 2827 1930 2901 φθ.

316 2911 424 2993 ἡγεμὼν
433 2936 487 2974 cer.
840 2983 842 2988 Ι
1122 2959 1125 2968 .
1151 2916 1258 2974 πάντων
1273 2914 1386 2995 φθόριον.

358 3100 408 3157 DE
426 3100 555 3158 VERME
576 3100 710 3159 suntet)
732 3121 835 3160 versus
855 3123 892 3160 ex
914 3103 1016 3161 codice
1036 3105 1108 3163 Roei
1193 3107 1243 3164 DE
1256 3105 1502 3180 VULTURIBUS
1520 3128 1558 3165 ert
1575 3107 1742 3184 Monacensi
1753 3111 1830 3171 eod.
1853 3112 1933 3171 edidit

318 3196 453 3273 producti
468 3197 500 3254 in
511 3196 811 3256 Miscell.0bservatt.
827 3198 887 3255 vol.
899 3198 953 3271 Vl,
964 3220 993 3278 p.
1006 3201 1106 3272 166-7.
1152 3203 1257 3262 ldeler.
1270 3199 1293 3261 ί,
1309 3225 1335 3261 c.
1358 3225 1388 3282 p.
1404 3205 1460 3262 285
1479 3226 1486 3261 ι
1505 3201 1619 3284 Ἔφοδος
1633 3205 1695 3287 περὶ
1712 3211 1814 3285 γυπῶν,
1830 3213 1851 3272 i.
1862 3231 1887 3272 e.
1908 3211 1933 3268 ni

318 3291 354 3350 ln
368 3293 544 3353 Millerianis
558 3315 619 3354 non
629 3295 702 3354 vidi.
726 3295 786 3354 Ubi
802 3297 913 3354 codicis
928 3299 991 3355 sive
1012 3302 1109 3376 potius
1153 3300 1250 3372 fallor,
1272 3301 1412 3358 introitus
1431 3313 1460 3358 et
1474 3301 1651 3376 prooemium
1668 3323 1685 3360 a
1699 3305 1870 3365 vulturibus
1888 3297 1933 3364 du·

319 3389 481 3466 apographi
494 3390 615 3450 Amstel.
630 3391 805 3469 scripturam
818 3393 1108 3471 simpliciterindico,
1153 3408 1229 3454 ctum
1241 3417 1249 3467 ;
1263 3407 1296 3454 ut
1306 3415 1412 3474 poema
1423 3397 1520 3474 ipsum
1540 3396 1680 3457 librarius
1692 3401 1835 3459 omiserit.
1852 3403 1892 3459 De
1907 3421 1933 3458 re

319 3483 510 3542 Wernsdorfii
532 3485 696 3543 emendatio
719 3501 835 3565 recepta
852 3501 905 3546 est.
932 3523 973 3532 -
993 3510 1009 3545 a
1027 3487 1109 3567 μέγας
1154 3491 1284 3550 AElianus
1294 3491 1331 3552 N.
1348 3493 1383 3552 A.
1399 3513 1445 3568 τι,
1456 3513 1482 3553 c.
1496 3496 1544 3561 46.
1556 3492 1670 3553 Vitiose
1679 3495 1820 3575 edebatur
1829 3498 1934 3557 versui

320 3579 384 3638 cod.
405 3579 445 3623 -’
458 3602 473 3653 7
488 3579 679 3660 ἐπιτρέπουσαν
691 3581 758 3654 ἀκὴν
774 3584 838 3642 cod.
852 3583 945 3641 Etiam
958 3591 1002 3644 τοῦ
1012 3585 1107 3666 χρόνου
1154 3585 1341 3666 κατολλήλων,
1353 3590 1370 3646 8
1385 3586 1449 3667 πρὸς
1459 3593 1577 3669 σφαγῆς,
1591 3610 1611 3665 9
1628 3587 1720 3671 ὥσπερ
1733 3592 1822 3655 πόλιν.

1550 3808 1781 3883 nnumin.
