3992 6078
832 395 1047 458 PRAEFATIO.
1562 401 1565 411 ‘
1719 415 1740 456 V

123 547 135 572 ι
151 533 273 600 quintus
284 531 327 579 est
341 519 454 596 farrago
465 520 498 579 in
509 541 567 598 qua
581 521 712 580 aliasunt
721 524 902 600 antiquiora,
954 525 1037 600 dem,
1053 527 1103 586 sed
1119 541 1215 586 minen
1232 547 1399 605 seponerem
1421 540 1450 584 et
1465 527 1612 586 differrem
1625 541 1740 587 coactus

123 635 136 662 a
151 611 210 668 alia
219 609 395 685 recentiora,
408 621 441 667 ut
455 609 547 667 multo
558 609 643 688 pejor
652 611 757 688 ejussit
766 613 905 684 conditio,
953 633 1028 672 sum.
1044 618 1089 672 Ex
1101 613 1148 672 his
1161 615 1287 690 negotiis
1302 615 1415 673 nullum
1431 614 1502 672 mihi
1517 617 1667 693 antiquius
1683 617 1740 676 fuit

123 725 136 750 «ι
153 717 241 778 quam
255 696 324 756 libri
334 697 442 776 primi,
453 697 506 774 qui
515 717 569 776 per
581 717 611 756 se
621 699 689 756 satis
703 711 747 757 est
756 701 905 776 antiquus,
954 722 1040 779 quam
1052 703 1252 761 controversia
1264 703 1317 761 illa
1330 703 1366 761 de
1378 703 1559 762 emendanda
1570 708 1600 761 in
1615 704 1740 782 Gymna-

123 813 135 838 ι
150 786 201 846 sed
215 786 342 845 maxime
356 784 505 844 mutilatus
515 797 545 843 et
562 783 787 865 interpoldtione
802 787 906 867 depra-
953 791 1006 848 siis
1019 810 1178 870 puerorum
1193 791 1385 850 institutione.
1402 791 1488 850 Paene
1503 793 1616 850 inscius
1631 793 1661 851 in
1676 814 1739 852 eam

124 903 137 928 ι
153 889 249 936 vatus.
265 873 349 933 Libri
362 885 457 932 autem
472 873 628 946 secundus,
648 877 751 934 tertius
765 889 794 934 et
810 888 908 935 sextus
954 880 1195 951 controversiam,
1218 879 1486 956 coniunctissimam
1507 901 1576 940 sane
1594 901 1659 940 cum
1675 902 1738 940 mu·

124 989 137 1016 a
152 977 213 1022 tum
229 963 628 1042 optimeservatisunt,tum
653 959 851 1040 antiquissimi
868 965 909 1022 vi·
954 985 1022 1024 nere
1044 966 1230 1039 scholastico,
1256 967 1347 1026 incidi
1369 967 1448 1026 edito
1468 989 1494 1026 a.
1525 969 1599 1036 1845
1628 969 1739 1041 libello,

124 1077 137 1104 ι
154 1051 261 1110 dentur
271 1069 335 1110 esse
347 1063 376 1108 et
386 1049 423 1108 ab
434 1070 493 1108 uno
507 1063 607 1128 poeta,
621 1050 793 1110 lllanethone
805 1055 830 1110 si
844 1054 905 1123 vis,
954 1073 1025 1111 meae
1038 1056 1075 1112 de
1089 1055 1247 1113 tractandis
1261 1055 1408 1114 veteribus
1422 1056 1618 1134 scriptoribus
1628 1070 1741 1116 senten·

125 1165 137 1192 e
154 1141 287 1218 proiecti.
300 1137 384 1198 Libri
398 1142 473 1197 enim
484 1139 608 1217 primus,
618 1140 739 1216 quintus
748 1152 777 1197 et
788 1154 908 1216 quartus
955 1143 1001 1200 tiae
1009 1143 1214 1201 brevissimam
1223 1143 1447 1202 delineationem
1454 1144 1619 1206 exhibente.
1628 1145 1736 1204 hlotam

124 1253 138 1280 ι
155 1247 250 1306 neque
272 1229 362 1288 unius
387 1239 455 1286 sunt
482 1227 631 1304 corporis,
660 1246 755 1304 neque
776 1227 906 1304 ejusdem
956 1244 1052 1288 autem
1075 1232 1304 1289 controversiam
1320 1231 1453 1289 deserere
1469 1251 1504 1290 eo
1521 1233 1613 1307 magis
1636 1233 1741 1309 religio

125 1339 139 1368 ι
156 1315 321 1394 scriptoris,
338 1313 445 1373 nedum
461 1314 498 1373 ad
515 1313 608 1372 libros
622 1313 667 1386 ll,
684 1313 744 1388 lll,
764 1313 803 1372 vt
819 1317 908 1393 perti·
954 1331 1029 1390 erat,
1045 1319 1124 1396 quod
1140 1339 1205 1396 qum
1225 1339 1279 1394 ego
1293 1319 1355 1376 solo
1369 1320 1499 1377 veritatis
1512 1320 1609 1377 studio
1635 1320 1738 1379 ductus

126 1429 139 1456 a
156 1416 280 1464 amnt..
296 1404 339 1461 De
352 1403 581 1481 interpolatione
595 1417 678 1461 antea
694 1424 725 1480 p.
738 1423 816 1461 xxm
831 1405 909 1461 dixe·
954 1408 1142 1486 scripseram,
1165 1408 1290 1466 aliorum
1312 1406 1439 1465 diversis
1459 1407 1578 1484 quidem
1598 1409 1648 1466 sed
1663 1409 1742 1468 vivis

123 1504 215 1550 rant«
234 1511 268 1552 ea
287 1504 393 1569 praeter
413 1503 548 1567 quartum
566 1492 619 1550 vix
638 1492 730 1550 ullum
747 1505 907 1550 ceterorum
952 1496 1106 1573 'sonusque
1133 1497 1265 1555 censuris
1289 1496 1387 1573 excipi
1407 1508 1435 1554 et
1458 1497 1568 1571 corrigi
1589 1497 1741 1569 videbam,

127 1605 140 1632 ι
153 1579 298 1640 librorum
311 1579 399 1658 plane
409 1597 523 1638 vacare.
540 1605 553 1632 ι
956 1604 1047 1662 quum
1061 1585 1199 1644 Saxonici
1216 1597 1426 1663 praeceptores,
1445 1585 1470 1642 si
1488 1583 1525 1641 ab
1543 1605 1603 1641 uno
1619 1585 1745 1645 alterove

164 1667 226 1728 lloc
236 1667 366 1746 judicio,
379 1668 410 1725 in
432 1687 491 1744 quo
510 1687 581 1726 vera
596 1667 676 1726 lalsis
691 1667 765 1726 mire
776 1667 827 1726 sed
837 1689 909 1744 pro·
956 1672 1136 1742 discesseris,
1155 1672 1263 1750 partim
1277 1673 1364 1730 tacita
1382 1670 1588 1748 dedignatione
1604 1691 1638 1730 ea
1651 1675 1744 1750 repri-

122 1758 262 1817 babiliter
274 1758 365 1816 mixta
377 1769 456 1828 sunt,
466 1757 530 1815 lieri
544 1777 603 1815 non
618 1757 714 1834 potnit
724 1757 796 1833 quin
809 1757 860 1814 alii
874 1757 909 1814 ad
958 1777 1048 1834 mere,
1059 1759 1167 1835 partim
1176 1757 1332 1816 calumniis
1339 1759 1538 1836 conviciisque
1549 1760 1692 1838 meipsum
1704 1761 1745 1818 la-

123 1849 189 1905 telae
202 1847 295 1923 magis
306 1848 391 1904 etiam
404 1843 599 1904 dissolvendae
611 1859 746 1903 conatum
758 1845 911 1903 incitaren-
956 1865 1067 1904 cessere
1079 1866 1166 1922 quam
1188 1847 1315 1904 refutare
1334 1860 1362 1904 et
1381 1861 1516 1906 excutere
1530 1867 1593 1906 mea
1614 1849 1739 1907 mallent,

123 1949 183 2007 tur,
196 1933 909 2013 quodusuveuisseBemhardyoetLehrsiovide·
956 1933 999 1992 lta
1010 1954 1064 2011 ego
1080 1954 1153 1994 voce
1173 1935 1349 2013 scriptisque
1363 1956 1424 1995 rem
1444 1949 1603 2012 susceptam
1625 1951 1742 1996 strenue

124 2043 197 2081 mus.
214 2023 256 2080 Ac
269 2022 306 2080 de
315 2022 370 2079 boc
378 2021 496 2098 quidem
505 2034 606 2100 postea
620 2020 909 2080 accuratiusdicetur.
957 2021 1171 2102 persequebar;
1194 2034 1223 2080 et
1240 2042 1331 2099 quum
1360 2025 1407 2082 vel
1430 2038 1495 2101 post
1519 2025 1744 2102 disputationem

124 2109 178 2168 llle
193 2109 308 2168 veroin
320 2115 447 2166 Historia
460 2113 601 2165 literarum
618 2111 780 2165 Graecarum
795 2107 855 2165 vol.
869 2107 909 2174 ll,
956 2110 1036 2168 illam
1056 2109 1138 2168 lente
1162 2129 1239 2168 anno
1270 2111 1344 2179 1846
1367 2114 1399 2168 in
1425 2111 1646 2190 philologorum
1671 2134 1743 2191 pree·

129 2197 202 2258 roba
217 2210 442 2277 sq.,postquam
462 2197 571 2256 librum
590 2197 719 2276 primum
734 2211 763 2256 et
776 2198 909 2274 quintum
959 2211 1169 2276 ceptorumque
1198 2196 1350 2261 Conventu
1369 2195 1497 2254 habitam
1527 2200 1744 2276 gymnasiorum

124 2299 293 2366 aquattuor
307 2285 429 2363 reliquis
438 2299 467 2344 et
477 2305 610 2344 sermone
622 2305 714 2362 graeco
725 2289 909 2364 peregrinum
958 2286 1171 2344 Saxonicorum
1185 2284 1367 2364 professores
1378 2287 1568 2362 quaestionem
1582 2300 1743 2365 temporum

124 2373 263 2452 quiddam
280 2387 401 2433 sonante
417 2385 446 2431 et
464 2373 607 2431 orationis
625 2374 754 2432 siccitate
764 2386 793 2430 et
807 2373 909 2450 rhyth-
957 2372 1119 2432 rationibus
1141 2372 1450 2431 commendatissimum
1471 2375 1626 2452 repudiare
1641 2397 1745 2453 perge-

124 2481 238 2520 morum
250 2461 393 2540 pravitate
407 2461 439 2519 in
452 2458 639 2539 primolibro
654 2461 700 2518 vel
715 2473 910 2539 pentametros
957 2476 1037 2534 rent,
1060 2461 1197 2520 societate
1220 2481 1285 2519 eum
1309 2461 1407 2538 ipsum
1428 2462 1460 2520 in
1483 2463 1568 2520 finem
1592 2465 1746 2523 constituta

123 2549 339 2609 admittentium
351 2549 459 2607 mirum
472 2561 613 2626 quantum
630 2548 749 2606 differre
760 2549 850 2620 dixit,
866 2569 910 2608 re·
957 2551 1081 2609 aliorum
1101 2551 1234 2608 virorum
1254 2549 1423 2622 doctorum,
1441 2551 1645 2627 inprimisqui
1661 2565 1743 2610 natu-

123 2638 223 2716 liquos
239 2651 389 2717 quattuor,
413 2656 451 2696 ex
472 2635 579 2715 quibus
599 2650 721 2714 quartus
736 2657 796 2715 prae
808 2637 911 2698 ceteris
957 2639 1027 2698 ralis
1036 2637 1166 2698 scientie
1174 2638 1262 2714 periti
1279 2649 1386 2709 essent,
1396 2637 1492 2695 studia
1502 2638 1634 2714 adjunxi.
1647 2639 1746 2716 Aqui·

124 2727 218 2786 malus
231 2739 260 2785 et
275 2726 391 2804 vulgari
401 2725 545 2803 pedestris
558 2726 699 2783 orationis
712 2726 780 2783 stilo
790 2745 910 2802 compo-
957 2727 1012 2786 bus
1021 2727 1093 2785 viris
1108 2726 1159 2784 lux
1168 2725 1250 2784 illata
1258 2739 1302 2783 est
1312 2744 1400 2804 quam
1413 2745 1467 2783 nos
1479 2724 1623 2803 philologi
1639 2726 1744 2787 afferre

123 2817 212 2887 situs,
225 2828 324 2874 sextus
338 2834 411 2873 vero
425 2815 553 2872 maxime
561 2815 705 2873 concinne
719 2815 845 2893 scriptus
856 2815 909 2885 sit,
957 2836 1016 2873 non
1030 2815 1235 2894 potuissemus.
1249 2812 1379 2874 'landem
1394 2833 1487 2872 annus
1507 2814 1745 2890 quadragesimus

124 2904 248 2962 rationis
262 2904 503 2980 cobaerentiaeque
523 2902 637 2960 defectu
652 2903 692 2960 ita
713 2901 857 2978 laborare,
881 2915 911 2960 ut
956 2917 1085 2976 octavus,
1100 2903 1232 2963 omnium
1244 2921 1342 2963 rerum
1352 2903 1383 2962 in
1395 2903 1452 2962 hoc
1467 2902 1538 2962 orbe
1552 2905 1744 2963 conversione

125 2993 166 3051 nil
184 2992 244 3050 nisi
256 2991 439 3050 diversorum
453 3002 603 3068 poetarum
613 3009 704 3068 opera
719 3002 826 3048 temere
843 3011 911 3048 con·
960 2993 1069 3065 fatalis,
1091 2993 1178 3051 etiam
1195 2991 1399 3050 scholasticam
1423 2989 1613 3068 questionem
1628 2994 1743 3068 egregie

125 3082 190 3139 lusa
205 3081 238 3139 in
253 3081 291 3138 iis
313 3097 469 3156 agnoscere
489 3079 599 3158 possis,
614 3078 830 3156 pronuntiavit.
856 3078 910 3138 llic
959 3081 1117 3158 promovit.
1138 3079 1251 3138 Etenim
1261 3079 1472 3138 Saxonicorum
1487 3100 1605 3157 quoqne
1625 3099 1745 3157 gymna-

123 3187 243 3246 quoqne
265 3167 354 3226 rectis
367 3186 459 3246 prava
472 3167 564 3225 mixta
583 3186 647 3226 esse
667 3166 777 3225 videas.
801 3167 862 3243 lta,
880 3180 912 3226 ut
959 3171 1069 3228 siorum
1088 3182 1283 3248 preceptores
1303 3168 1364 3226 suis
1385 3167 1527 3226 derebus
1555 3169 1745 3227 consultatur-i

124 3276 215 3334 pauca
234 3268 345 3314 tantum
360 3275 510 3327 moneam,
525 3255 764 3334 prestantissima
779 3255 911 3332 quaedam
959 3270 1159 3316 convenerunt
1171 3276 1177 3316 :
1189 3255 1338 3334 quibusin
1351 3255 1545 3314 conventibus
1555 3276 1653 3316 mense
1664 3256 1745 3316 Julio

125 3347 285 3422 fragmenta
297 3345 329 3402 in
345 3345 443 3423 primo
456 3343 535 3403 libro
546 3345 756 3416 inveniuntur;
771 3345 910 3421 nequeli·
959 3345 1067 3424 Lipsiae
1091 3358 1119 3404 et
1144 3364 1242 3402 mense
1266 3345 1420 3404 Decembri
1443 3344 1561 3402 lllisenae
1583 3344 1692 3402 habitis
1715 3366 1748 3404 ea

124 3433 178 3492 ber
188 3446 327 3512 quartus,
336 3434 467 3512 operosis
480 3432 637 3491 verborum
649 3433 914 3510 compositionibus
959 3434 1074 3506 omnia,
1094 3453 1159 3509 quae
1169 3453 1222 3512 per
1234 3433 1434 3492 antecedentes
1449 3452 1541 3491 annos
1559 3435 1745 3511 contemptim

125 3523 272 3592 tumidus,
293 3521 346 3580 sed
367 3520 436 3580 libri
456 3521 552 3599 quinti
567 3520 647 3580 bona
660 3540 728 3600 pars
744 3521 780 3580 ad
794 3543 911 3599 prosam
959 3523 1088 3599 neglecta
1099 3535 1149 3581 aut
1162 3521 1313 3600 repudiata
1322 3522 1446 3592 lucrant,
1455 3521 1748 3599 plurimissuiiragiis

125 3611 289 3669 orationem
299 3610 433 3688 proxime
444 3609 565 3668 accedit.
584 3607 661 3668 lllud
675 3627 746 3666 vero
755 3607 911 3688 judicium,
960 3607 1236 3688 comprobabuntur.
1249 3611 1313 3682 Quo
1326 3609 1472 3686 lactoipse
1479 3628 1544 3666 cum
1554 3607 1620 3666 aliis
1628 3607 1747 3684 quibus·

124 3719 184 3777 quo
198 3695 308 3756 librum
329 3711 442 3757 sextum
459 3700 563 3757 ceteris
582 3697 795 3776 praeferendum
818 3699 911 3770 dixit,
959 3699 1024 3756 dam
1040 3697 1142 3756 virise
1162 3696 1350 3767 Piordtenio,
1370 3697 1496 3774 quitum
1517 3696 1636 3755 Dresdae
1649 3716 1745 3754 rerum

125 3807 190 3844 cum
206 3786 368 3845 editoribus
381 3787 553 3846 novissimis
563 3806 595 3865 p.
608 3806 642 3844 rx
657 3785 822 3862 ablleynio
835 3807 912 3846 snm·
960 3787 1198 3846 scholasticarum
1210 3785 1408 3862 gubernacula
1417 3784 1544 3858 tenebat,
1557 3797 1586 3842 et
1597 3784 1693 3842 haecet
1702 3805 1746 3842 cc-

126 3877 195 3954 psit.
203 3877 270 3946 Quo
277 3875 392 3952 judicio
401 3875 475 3934 nibil
485 3875 592 3934 vanius
603 3895 666 3933 esse
674 3876 853 3953 patetcuivis
863 3878 912 3952 qni
960 3888 1020 3933 tera
1044 3874 1102 3932 huc
1122 3873 1300 3953 pertinentia
1321 3873 1395 3949 legis
1417 3874 1449 3932 in
1468 3873 1588 3931 lormam
1617 3873 1748 3948 redigere

126 3985 185 4022 uno
198 3963 417 4023 tenorelibrum
435 3964 611 4036 seeundum,
626 3965 783 4022 tertiumet
798 3977 910 4022 sextum
957 3963 1032 4040 jussi
1053 3981 1171 4035 sumum
1197 3981 1255 4039 qua
1274 3962 1338 4038 lege
1356 3963 1452 4021 omnis
1477 3982 1573 4020 rerum
1599 3961 1675 4038 apud
1695 3982 1748 4018 nos

126 4051 294 4131 perlegerit
959 4049 1196 4107 scholasticarum
1223 4050 1298 4107 ratio
1323 4062 1481 4125 regeretur.
1502 4049 1559 4108 Sed
1581 4070 1675 4109 annus
1697 4052 1747 4128 qui

166 4141 251 4212 lam,
267 4140 383 4217 utquid
396 4159 450 4219 ego
469 4140 502 4199 in
516 4139 571 4199 bac
589 4141 718 4199 editione
732 4154 872 4218 praestare
886 4155 915 4199 et
958 4137 1132 4214 sequebatur
1146 4136 1245 4196 multis
1261 4137 1337 4196 bene
1355 4138 1480 4216 inceptis
1498 4139 1644 4216 funestus,
1659 4141 1745 4198 etiam

128 4227 275 4287 voluerim
287 4241 317 4287 et
329 4230 477 4307 potuerim
489 4241 642 4308 appareat,
658 4247 731 4286 neve
747 4228 826 4306 qnod
842 4229 915 4287 serre
960 4224 1030 4282 huie
1055 4225 1097 4282 rei
1117 4226 1300 4302 perniciosus
1318 4222 1438 4280 exstitit.
1464 4221 1567 4277 Civilis
1597 4219 1748 4276 discordiae

128 4317 243 4376 humeri
265 4330 399 4376 recusent
421 4337 438 4376 a
457 4337 503 4376 me
524 4317 700 4396 postuletur,
718 4317 820 4394 paucis
836 4337 915 4393 quo-
961 4316 1090 4395 procella
1101 4315 1256 4374 Saxoniam
1269 4315 1526 4394 quoqueingressa
1536 4311 1692 4388 prologum
1704 4333 1748 4369 me

130 4404 218 4462 rnndo
231 4403 336 4463 iactum
350 4405 388 4463 sit
399 4417 432 4464 ut
441 4405 478 4464 ad
486 4405 547 4464 baec
559 4405 690 4462 earmina
700 4402 811 4463 edenda
821 4424 914 4463 acces·
962 4403 1157 4483 proscriptum
1169 4416 1373 4479 extorremque
1383 4404 1475 4481 patria
1484 4399 1578 4476 ejecit.
1592 4398 1636 4456 lta
1649 4399 1748 4476 Belga·

130 4494 236 4564 serim,
252 4493 487 4570 praemittendum
501 4492 626 4553 videtur.
647 4491 789 4569 Eqdidem
802 4493 864 4570 jam
879 4493 915 4551 ab
963 4512 1027 4552 rum
1036 4491 1235 4570 hospitalitate
1243 4502 1380 4568 exceptus
1388 4487 1532 4548 bruxellis
1542 4507 1692 4566 quumper
1700 4490 1749 4546 ali-

130 4601 166 4638 eo
183 4581 253 4640 inde
265 4594 412 4659 tempore,
425 4601 486 4659 quo
505 4581 613 4660 Lipsire
632 4580 739 4638 summi
757 4579 915 4639 Hermanni
962 4579 1040 4659 quod
1048 4578 1358 4659 tempushabitandum
1369 4576 1441 4634 mihi
1454 4575 1748 4647 decrevissem,Diib-

129 4671 270 4750 auspiciis
291 4671 390 4730 literas
414 4669 532 4730 Graecas
555 4670 718 4728 accuratius
741 4689 917 4746 cognoscere
963 4689 1033 4728 nero
1045 4667 1184 4728 suadente
1201 4667 1329 4726 oblatam
1341 4664 1447 4725 edendi
1458 4663 1643 4722 lllanethonis
1662 4664 1750 4722 lllaxi·

129 4779 291 4837 cmperam,
307 4759 455 4838 peculiare
468 4779 535 4820 cum
549 4757 695 4818 inceteris
707 4756 806 4836 Epicis
817 4778 916 4818 recen·
963 4762 1061 4834 mique
1072 4755 1255 4835 provinciam
1274 4765 1410 4833 prompto
1422 4753 1520 4810 animo
1534 4753 1659 4831 suscepi.
1675 4751 1746 4810 Nam

130 4846 267 4920 rioribus,
279 4848 382 4907 tumin
390 4847 501 4920 Quinto
509 4847 661 4925 Smyrnaeo
676 4845 803 4904 studium
818 4849 915 4924 posui,
964 4847 1065 4906 labore
1089 4843 1205 4903 difficili
1222 4844 1402 4923 spinosoque
1414 4842 1578 4900 levaturum
1597 4859 1749 4920 mespera·

129 4937 214 5014 cujus
224 4936 330 4995 edendi
343 4949 411 4997 ante
421 4935 474 4996 bos
483 4936 543 4995 lere
554 4936 686 5012 quinque
697 4953 789 4992 annos
799 4934 916 4994 initium
963 4939 1028 4993 bam
1049 4954 1159 5004 euram,
1181 4953 1247 5010 quae
1261 4952 1307 4990 me
1325 4932 1424 5009 coquit
1443 4943 1472 4988 et
1485 4944 1582 4990 versat
1593 4931 1623 4989 in
1634 4943 1750 5009 pectore

112 5027 195 5084 oteci.
210 5023 316 5100 Magna
328 5037 410 5102 pane
430 5025 510 5104 typis
527 5023 589 5102 jam
609 5021 763 5100 descripta,
786 5021 850 5080 aliis
864 5043 917 5097 ego
966 5027 1034 5095 lixa,
1045 5041 1134 5099 quum
1143 5033 1192 5078 aut
1205 5021 1328 5095 patriam
1339 5018 1435 5093 cogito
1449 5019 1555 5077 misere
1567 5035 1747 5097 oppressam,

131 5113 281 5189 variisque
289 5112 422 5188 negotiis,
434 5131 499 5188 que
506 5111 666 5188 suscepisse
674 5130 710 5167 ne
718 5111 916 5185 nuncquidem
965 5125 1013 5171 aut
1024 5112 1132 5168 amieos
1144 5112 1250 5186 partim
1266 5109 1296 5165 in
1311 5107 1447 5164 exsilium
1471 5107 1624 5184 expulsos,
1644 5105 1750 5183 partim

131 5201 271 5281 paenitet,
285 5213 318 5258 ut
337 5199 561 5259 laboremillum
586 5218 645 5256 non
664 5199 838 5276 deponerem
852 5201 916 5275 qui·
965 5202 996 5258 in
1014 5197 1133 5256 vincula
1153 5195 1312 5272 conjectos,
1339 5197 1444 5274 partim
1467 5208 1560 5254 morte
1579 5205 1750 5272 praematura
