4066 6038
650 393 820 454 DIONYSll
842 396 894 456 Du
915 397 1062 458 AVlBUS
1083 399 1159 458 LIB·
1182 400 1206 459 1.

113 527 245 604 χειμῶνος
254 523 344 602 ὄντος,
358 527 373 583 θ
385 523 514 605 κόσσυφος
527 524 676 598 ἀποτίκτει,
687 526 733 584 καὶ
742 525 830 607 χαίρει
838 525 905 607 μύρ-

116 637 168 678 τοις
184 613 230 670 καί
242 613 352 694 δάφναις
364 613 409 671 καί
423 613 593 694 κυπαρίσσων
607 617 699 672 ἄλσεσι
709 615 755 672 καὶ
766 615 822 682 ταῖς
835 617 907 673 εὐθα-

117 701 177 760 λέσι
191 701 315 776 λεύκαις,
335 702 443 769 πεύκαις
464 701 554 761 τεκαὶ
574 703 715 770 πλατάνοις
735 705 852 771 καὶτοῖς
867 706 905 762 ὀι-

116 789 234 868 πλόθριξι
246 789 354 867 πίτυσι,
364 790 409 848 καλ
421 799 531 857 κισσοῑς.
576 789 630 850 Δύο
642 793 664 850 δ’
676 791 731 850 ἐστὶ
742 791 804 870 γένη
815 791 908 851 κοσσύ-

116 903 182 960 φιινν·
197 877 242 936 καί
257 882 281 937 οί
296 877 344 955 μὲν
358 878 444 952 πάντη
459 879 586 956 μέλανες,
607 883 630 938 ol
649 879 676 938 δὲ
695 885 769 961 κηρῷ
784 880 819 939 τὰ
831 881 907 960 χείλη

115 965 315 1046 προσεοικότας,
329 967 375 1025 καί
389 970 440 1024 τῶν
461 967 555 1048 ἑτέρων
574 969 675 1044 μᾶλλον
689 969 756 1048 πρὸς
777 967 824 1035 τάς
840 968 909 1048 ᾠδὰς

116 1053 272 1124 επιτήδειοι.

158 1145 297 1206 XXVlll.
320 1143 360 1204 Τό
380 1143 475 1211 κάλλος
493 1143 520 1202 δέ
537 1147 551 1202 ὁ
567 1143 636 1212 ταὼς
657 1143 687 1204 τὸ
706 1147 800 1204 οἰκεῖον
817 1145 909 1203 τεθαύ-

117 1255 199 1308 μακε,
211 1231 257 1292 καί
272 1235 295 1292 εἰ
305 1233 386 1293 καλόν
397 1258 435 1300 τις
444 1233 521 1292 αὐτὸν
531 1232 694 1313 ὀνομάσειεν,
705 1234 779 1302 εὐθὺς
788 1237 840 1293 τῶν
848 1258 909 1293 πτε-

118 1326 170 1400 ρῶν
185 1321 219 1379 τόι
234 1319 300 1395 ἄνθη
316 1320 466 1400 μεμιγμένα
477 1326 583 1403 χρυσῷ,
597 1321 687 1403 ὥσπερ
702 1322 760 1380 τινὰ
775 1324 910 1400 λειμῶνα,

117 1411 248 1469 δείκνυσιν
261 1410 423 1484 ἀναστήσας,
434 1411 567 1491 περιάγων
583 1413 618 1478 εἰς
634 1412 730 1470 κύκλον
743 1411 810 1469 αύτόι
825 1413 910 1470 διατε-

117 1500 258 1578 ταγμένοις
270 1499 400 1578 ὄμμασιν·
415 1499 449 1559 τὰ
464 1497 496 1572 δή
517 1499 586 1558 κατόι
598 1504 646 1572 τῆς
667 1501 744 1579 οὐρᾶς
761 1500 910 1578 λάμπουσιν

118 1587 210 1668 ὥσπερ
224 1587 330 1669 ἀστέρες
341 1591 421 1670 αὐτῷ.
463 1588 518 1648 Καὶ
529 1589 551 1646 εί
561 1587 692 1670 προσιδόιν
702 1612 741 1654 τις
750 1587 911 1646 ἐπαινέσειεν

119 1677 164 1736 ίπλ
179 1679 217 1756 τῷ
230 1677 340 1748 κάλλει,
354 1677 399 1734 καί
411 1675 455 1735 dria
464 1681 510 1748 τῆς
522 1681 610 1758 φωνῆς
619 1676 831 1758 φιλοτιμήσεται·
846 1675 913 1735 σκώ-

118 1769 217 1846 ψαντος
233 1765 260 1824 δέ
274 1787 358 1842 τινος,
372 1765 420 1837 τὴν
434 1764 512 1845 οὖφόιν
527 1763 705 1847 κατακρύψει,
721 1767 805 1841 μισῶν
822 1765 912 1845 ὥσπερ

118 1853 164 1912 τὸν
178 1853 366 1934 φιλολοίδορον.
409 1852 531 1934 Φρουρός
544 1844 617 1921 οὗτος
628 1845 660 1925 ῆν
677 1857 724 1924 τῆς
739 1853 819 1924 Ἰοῦς,
834 1856 912 1924 ἡνίκα

119 1939 196 2020 Ἥρα
208 1945 269 2001 κατ’
278 1943 358 2012 αὐτῆς
371 1942 554 2021 ἐχαλέπαινεν·
566 1941 668 2021 Ἑρμῆς
681 1941 703 2000 δ’
717 1942 816 1999 ἀνεῖλεν
826 1941 912 2014 αὐτὸν,

118 2029 166 2088 καλ
180 2029 396 2102 τελευτήσαντος,
415 2032 509 2101 ἀνῆκεν
524 2029 593 2108 ὄρνιν
611 2035 627 2102 ἡ
646 2033 748 2108 γῆτῶν
770 2031 912 2109 ὀφθαλμῶν

121 2117 217 2198 ἔχοντα
229 2118 264 2178 τά
280 2127 379 2196 σημεῖα
394 2121 446 2177 τῶν
461 2118 585 2200 πρόσθεν,

162 2209 272 2268 XXIX.
292 2202 373 2266 Ἐστι
387 2231 413 2264 τι
427 2207 575 2288 πορφυρέων
598 2208 651 2266 ἀπὸ
664 2211 710 2278 τῆς
727 2215 818 2287 χροιᾶς
837 2206 912 2284 λεγό-

121 2315 199 2371 μενον
213 2293 311 2376 ὄρνεον·
323 2293 430 2374 ίρυθρόν
447 2296 520 2374 αὐτῷ
533 2293 561 2353 ιό
577 2294 679 2376 ῥάμφος
696 2293 767 2365 ἐστί,
785 2292 913 2353 καὶκατὰ

120 2387 238 2460 κεφαλῆς
260 2382 350 2461 ὥσπερ
370 2381 430 2441 τινάι
450 2385 527 2441 πῖλον
550 2381 626 2462 ἔχει,
643 2382 747 2448 ὁποίους
767 2384 791 2442 ol
811 2381 913 2450 τοξόται

124 2473 227 2552 Πέρσαι
239 2471 370 2554 φέρουσιν·
384 2472 437 2538 τοῖς
452 2471 618 2540 κατοικιδίοις
637 2470 733 2552 ὄρνισιν
746 2469 801 2539 ίσος
817 2472 852 2537 είς
866 2469 913 2546 μί-

124 2568 213 2640 γεθος,
224 2561 296 2632 πλήν
314 2561 354 2620 θτι
367 2564 466 2640 χρῆται
478 2560 584 2619 σκέλεσι
605 2559 786 2641 μακροτέροις.
830 2550 914 2626 Οὗτος

122 2655 170 2711 οὐκ
184 2651 215 2709 ἀν
228 2673 292 2709 ποτε
307 2654 342 2718 εἰς
356 2650 425 2727 μίξιν
438 2649 524 2721 ἔλθοι,
540 2649 669 2728 παρόντος
682 2648 728 2706 καί
742 2651 854 2728 ὁρῶντος
869 2649 913 2704 ἀν-

123 2741 194 2820 δρός·
208 2739 286 2820 φύσει
297 2738 325 2797 δὲ
340 2737 451 2819 σώφρων
464 2737 534 2810 ἐστὶ,
546 2737 591 2795 καὶ
603 2739 626 2796 εί
640 2736 785 2810 ζηλευθείη,
798 2740 913 2808 ἀνιᾶται,

122 2835 157 2897 ὡς
168 2827 236 2905 μηδὲ
244 2831 308 2909 ὀρᾷν
319 2825 400 2906 ἄνδρα
409 2827 491 2884 θελειν
501 2829 534 2905 τῇ
543 2827 636 2883 ἑαυτοῦ
646 2829 750 2905 γαμετῇ
759 2825 912 2906 προσιόντα·

122 2923 145 2978 εί
157 2919 185 2977 δὲ
201 2917 322 2996 μοιχείας
346 2913 476 2986 αἴσθοιτο,
493 2916 587 2991 ἀθυμεῖ
601 2919 741 2991 τοσοῦτον,
755 2917 790 2980 ὣς
800 2913 913 2992 διαφθεί-

124 3014 226 3091 ρεσθαι.

166 3099 258 3158 ΧΧΧ.
283 3098 319 3155 Oi
339 3093 367 3152 ai
380 3091 505 3174 ὄρτυγες,
520 3091 553 3164 ῆν
571 3090 619 3158 τάς
632 3091 715 3166 νομάς
727 3089 775 3158 el<
788 3091 915 3172 προτέρας

122 3185 357 3264 ἀπολιμπάνωσιν,
374 3181 546 3241 συνίτττανταί
563 3185 587 3240 τ’
604 3181 728 3252 ἀλλήλοις
741 3179 786 3240 καί
805 3191 854 3262 μιᾷ
868 3179 915 3251 τήν

124 3271 262 3331 θάλασσαν
274 3277 344 3354 ὁρμῇ
355 3269 568 3352 παραμείύουσι,
578 3273 684 3342 πτηνῶν
697 3268 769 3336 ὄντες
781 3269 915 3342 ὀξύτατοι,

124 3361 171 3418 καί
189 3359 270 3419 δειλοί
287 3365 428 3436 τοσοῦτον,
444 3356 513 3416 ὥστε
529 3357 644 3439 φρίττειν
659 3363 705 3416 τοῦ
723 3357 852 3436 πελάγους
868 3357 915 3428 τὴν

122 3449 185 3530 ὄψιν
199 3449 246 3507 καί
259 3447 293 3507 τά
306 3448 425 3531 βλέφαρα
441 3446 578 3524 ἐπιμύειν,
600 3445 646 3504 καί
665 3455 719 3513 τοῖς
732 3446 823 3513 ἱστίοις
843 3448 916 3505 πολ-

124 3539 203 3605 λάκις
216 3542 268 3596 τῶν
281 3541 346 3596 νεῶν
358 3537 582 3618 περιρρήγνυσθαι
604 3536 650 3594 καί
665 3540 755 3595 τοῦτον
777 3534 850 3615 παρὰ
865 3539 916 3594 τῶν

123 3630 228 3686 ναυτῶν
243 3631 372 3710 θηρᾶσθαι
387 3627 492 3704 τρόπον.
537 3623 583 3691 Ὡς
598 3625 623 3682 δ’
634 3623 666 3683 ἀν
679 3626 788 3702 εἰδεῖεν,
804 3623 916 3704 πότερον

127 3715 326 3790 διεληλύθασιν,
348 3715 365 3786 ἢ
389 3714 479 3785 οὔπω,
506 3712 536 3772 τὸ
562 3711 691 3788 πέλαγος,
714 3714 807 3792 πείρας
831 3716 918 3781 αὐτοις

1683 412 1739 463 lid

952 538 1064 586 exactam
1080 537 1195 600 hyemem
1214 539 1346 590 taetilicant.
1380 538 1481 600 unua,
1499 537 1575 588 launa
1587 539 1613 590 et
1624 553 1739 604 eupreaao

952 641 1055 690 eonsitia
1068 643 1212 692 nemoribus
1223 643 1329 705 gaudat,
1344 644 1370 692 et
1382 642 1438 692 leta
1453 643 1545 706 populo
1554 679 1561 704 ,
1571 642 1642 704 pirea
1652 655 1683 692 ae
1692 644 1743 705 ple-

952 744 1010 790 tano
1021 743 1131 806 pinuque
1141 744 1181 793 hia
1192 744 1323 807 quotannis
1332 743 1395 806 piloa
1407 743 1569 806 producenti,
1585 743 1690 806 denique
1701 743 1741 794 lie·

952 844 1011 893 dena
1021 859 1048 894 ae
1060 845 1193 897 oblectant.
1225 848 1281 898 Duo
1292 859 1378 897 aarum
1389 849 1559 919 generarunt,
1570 861 1674 910 quarum
1687 849 1743 897 alte

953 959 1008 996 nrm
1019 946 1180 1010 undequaque
1188 948 1286 1010 nigrum
1300 949 1450 1012 (dranum),
1470 949 1573 999 alterum
1590 963 1650 1000 raro
1666 952 1745 1000 rostro

953 1061 1039 1110 cereo,
1057 1047 1174 1112 idemque
1186 1050 1266 1108 mania
1274 1063 1400 1101 ranorum

985 1155 1099 1202 xxvlll.
1118 1155 1185 1203 Pavo
1194 1166 1265 1204 auam
1275 1153 1328 1216 ipae
1339 1154 1444 1206 miratur
1455 1155 1677 1220 puchritudinem,
1689 1159 1715 1210 et
1724 1159 1746 1209 ai

954 1241 1011 1304 quia
1027 1255 1084 1291 eum
1093 1243 1229 1292 iormoaom
1241 1243 1414 1306 appellaverit,
1425 1257 1482 1294 mox
1493 1243 1592 1294 floridae
1600 1247 1748 1297 aurieomas·

955 1345 1002 1394 que
1014 1343 1106 1394 pennas
1121 1329 1277 1394 experditat
1287 1330 1365 1382 veluti
1381 1333 1587 1396 praemoneam
1602 1336 1709 1386 ostentat
1723 1338 1749 1386 et

955 1420 1032 1469 oeulis
1042 1419 1334 1483 ineepeuaainornem
1344 1419 1517 1472 oiroumdueit.
1548 1425 1568 1472 Α
1585 1425 1654 1486 parto
1664 1424 1749 1476 mode
1784 1415 1789 1428 ’

956 1508 1031 1557 stellae
1042 1508 1133 1558 enitere
1150 1508 1276 1571 ridentur,
1285 1521 1315 1558 ao
1330 1507 1352 1558 ai
1363 1509 1419 1572 quia
1431 1523 1489 1560 eum
1499 1510 1637 1562 laudaverit
1650 1511 1682 1562 de
1697 1514 1750 1576 pul

956 1595 1097 1646 cirritudine
1107 1597 1281 1661 conspicatur,
1292 1597 1423 1648 οοιιῐεεθιιι
1435 1600 1505 1648 vooia
1518 1613 1565 1662 ope
1576 1599 1653 1650 etiarn
1664 1601 1750 1652 laudes

956 1684 1063 1734 ambibit
1073 1703 1080 1735 ι
1090 1685 1112 1735 ai
1119 1685 1175 1748 quia
1181 1699 1241 1735 rere
1248 1684 1442 1750 reprehenderit,
1450 1687 1528 1738 cauda
1535 1688 1669 1752 reooudita,
1679 1692 1750 1754 quasi

956 1772 1160 1824 calumniatorem
1171 1772 1229 1824 odio
1241 1773 1290 1824 eibi
1306 1785 1361 1824 esee
1371 1772 1511 1824 testabitur.
1546 1776 1613 1824 Pavo
1624 1776 1751 1838 quondam

957 1865 999 1912 las
1010 1862 1062 1911 erat
1079 1864 1176 1924 eustos,
1188 1861 1232 1912 ubi
1246 1861 1272 1911 in
1290 1861 1395 1912 iunonis
1411 1861 1475 1912 iram
1487 1862 1636 1927 inorurerat,
1657 1877 1672 1914 ε
1689 1868 1751 1915 liter-

957 1951 1025 1999 eurio
1039 1949 1140 2000 demum
1157 1950 1315 2000 interteetuar
1330 1963 1363 2000 ex
1378 1949 1448 2012 euius
1459 1949 1579 2002 cadavere
1593 1952 1665 2002 tellina
1678 1966 1750 2004 avem

957 2039 1072 2103 protudit,
1085 2039 1111 2088 ie
1127 2053 1177 2102 qua
1187 2039 1324 2090 etiamnum
1339 2039 1418 2102 aigae,
1431 2053 1494 2103 quoa
1509 2039 1611 2103 mbrait,
1625 2043 1751 2094 oculorum

957 2131 1083 2191 apparent.

990 2220 1077 2268 xxix.
1094 2218 1180 2268 Exstat
1190 2216 1326 2281 porphyrio
1335 2216 1451 2279 quedam
1460 2217 1532 2280 avia,
1541 2217 1583 2267 eui
1595 2232 1610 2268 a
1621 2220 1702 2270 colore
1711 2235 1753 2270 uo-

959 2329 1034 2378 men;
1052 2316 1158 2366 rostrum
1177 2315 1251 2366 hahet
1263 2314 1429 2370 rubimndum
1446 2317 1472 2366 et
1490 2328 1563 2380 super
1580 2317 1661 2380 eapite
1677 2319 1752 2368 relrrti

958 2414 1075 2475 cristam,
1093 2413 1158 2476 pileo
1177 2412 1286 2464 similem
1308 2426 1384 2476 quem
1399 2415 1495 2476 gestant
1512 2413 1640 2477 sagittiferi
1659 2417 1754 2479 Persae,

959 2525 1003 2575 par
1019 2510 1187 2574 magnitudine
1203 2511 1303 2573 gallinis
1313 2511 1437 2575 altilibus,
1449 2511 1494 2562 aed
1508 2523 1579 2561 crura
1594 2511 1617 2561 ei
1635 2513 1752 2575 longiora.

958 2612 988 2658 ln
1001 2608 1133 2658 hominum
1148 2609 1280 2671 conspectu
1296 2621 1424 2672 nunquam
1438 2607 1535 2672 coniugi
1547 2621 1599 2659 auae
1615 2608 1734 2660 miscetur
1747 2629 1754 2661 ;

958 2709 1044 2756 natura
1055 2705 1124 2756 euim
1132 2709 1213 2756 castus
1222 2709 1260 2756 eat
1267 2743 1275 2770 ,
1285 2709 1377 2770 atque,
1388 2707 1408 2756 ei
1421 2706 1569 2769 invideatur,
1581 2720 1646 2770 egre
1655 2707 1711 2771 tert,
1721 2707 1755 2758 ita

960 2804 1042 2853 utviri
1061 2803 1138 2852 etiam
1154 2803 1184 2853 ad
1194 2802 1324 2866 coniugem
1338 2803 1476 2854 accedentia
1490 2803 1634 2868 adspectum
1652 2805 1755 2856 tolerare

959 2900 1031 2952 nolit.
1044 2901 1069 2952 Si
1081 2913 1139 2951 vero
1148 2900 1493 2963 adulteriumdeprelrenderit
1501 2938 1509 2964 ,
1518 2901 1599 2952 nimio
1607 2902 1692 2952 dolore
1697 2915 1756 2952 eon-

959 2998 1070 3048 tabescit.

990 3103 1065 3150 xxx.
1083 3099 1241 3162 commioea,
1258 3099 1356 3164 paeonia
1369 3098 1496 3163 prioribus
1514 3098 1623 3162 relictis,
1637 3101 1755 3166 gregatim

960 3217 1071 3280 verriana,
1079 3216 1392 3279 ermeruspaunmvoruu
1401 3203 1754 3279 nonrnerrn'nao,cmauun

961 3333 1110 3394 celerrima,
1123 3333 1253 3396 superant,
1264 3334 1316 3381 tam
1326 3329 1424 3389 timidae
1435 3330 1548 3394 interim¹
1562 3332 1589 3381 ut
1599 3331 1675 3382 maris
1686 3345 1756 3396 eape-

961 3451 1029 3498 otum
1041 3449 1188 3498 exhorreant
1205 3449 1231 3498 et
1248 3446 1326 3498 oeulis
1342 3447 1506 3508 muniamini,
1525 3445 1593 3496 unde
1611 3461 1677 3511 saepe
1694 3448 1757 3498 velia

962 3564 1032 3614 illisae
1041 3563 1165 3614 naviuma
1177 3563 1260 3612 nautia
1272 3561 1409 3624 capiuntur.
1421 3563 1455 3611 Ut
1464 3562 1548 3612 autem
1559 3562 1711 3626 intelligant,
1725 3576 1757 3612 ειι

896 3722 905 3732 .
962 3682 1103 3743 superatum
1118 3678 1170 3741 jam
1189 3677 1249 3741 ipsis
1261 3689 1328 3727 mara
1339 3677 1386 3740 ait,
1404 3689 1491 3741 neone,
1502 3677 1550 3728 hoe
1561 3678 1758 3741 experimentum

124 3805 227 3866 πόσε,
241 3805 335 3888 τρόπος
347 3803 497 3885 &napum
539 3804 617 3882 Τρεῖς
629 3801 737 3870 ἕκαστος
751 3801 837 3869 λίθου,
852 3807 916 3882 pm.
962 3793 1757 3857 commentaeaunt:uuaquaaquateruoaorelapiiloaiert‚quorum

124 3904 183 3978 χιῑς
204 3893 248 3951 ε’πλ
270 3899 315 3952 τοῦ
337 3894 465 3970 στόματος
489 3891 576 3972 φέρει,
592 3892 650 3949 καθ’
673 3894 718 3950 ἕνα
742 3915 771 3949 τε
796 3891 917 3971 ἀφίησιν,
963 3902 1070 3965 singulos
1084 3899 1268 3965 perintervalla
1281 3899 1621 3962 demittunt,anaoultantea,
1636 3901 1717 3982 utrum
1733 3901 1758 3950 in

126 3982 294 4066 ἀκθοώμῑνος
308 3981 416 4061 πόίῑίίν
440 3979 456 4052 ἦ
473 3983 506 4046 ⁵³⁵
524 3977 594 4059 ὕδωρ
612 3980 804 4057 ἐμπίπτωκῑνε
822 3979 868 4038 καί
881 3979 920 4038 δεῖ
964 4031 1032 4067 mare
1043 4015 1172 4078 deciderit,
1187 4014 1341 4078 ulteriusque
1356 4014 1492 4065 rolandum
1505 4013 1548 4076 eit,
1567 4027 1599 4064 an
1610 4027 1669 4064 vero
1687 4027 1759 4079 supter

126 4072 250 4144 πτήσεως
261 4071 443 4150 μακροτέρας,
459 4069 477 4140 ἢ
493 4067 561 4126 κατὰ
576 4073 623 4140 τῆς
644 4073 692 4147 γῆς
706 4067 858 4142 ἐνήνεκται,
873 4068 919 4126 καί

126 4161 218 4240 καιρὸς
230 4159 290 4232 ήκει
304 4159 516 4225 διαναπαύσεως.

170 4253 278 4312 XXXI.
303 4249 484 4309 Medicamenta
504 4247 531 4306 at
546 4245 642 4326 ὀρνέων
656 4245 719 4325 γένη
731 4245 831 4320 πολλά,
851 4246 919 4306 ὥστε
996 4254 1085 4302 xxxi.
1103 4251 1195 4302 avium
1208 4250 1287 4301 multa
1298 4263 1384 4314 genera
1397 4251 1479 4301 locum
1493 4249 1528 4300 ita
1541 4250 1655 4312 mutant,
1667 4251 1694 4300 ut
1706 4263 1758 4299 eer-

127 4343 216 4399 αύτῶν
228 4339 262 4398 τά
276 4363 306 4399 τε
315 4343 361 4410 τῆς
375 4336 502 4413 ἐκδημίας
514 4334 560 4394 καί
569 4335 602 4395 ed
617 4339 663 4406 τῆς
676 4334 824 4416 ὁδοιπορίας
825 4335 919 4450 μέτρα
965 4344 1018 4393 tum
1028 4342 1075 4403 ait,
1085 4340 1149 4390 unde
1159 4343 1185 4392 et
1197 4354 1248 4405 quo
1259 4353 1285 4390 se
1297 4340 1430 4403 reeipiant;
1442 4339 1544 4390 ciconiae
1554 4351 1612 4388 vere
1625 4339 1684 4389 solae
1696 4339 1760 4388 unde

128 4429 319 4510 γινώσκεσθαι,
335 4425 405 4497 πλὴν
417 4425 495 4504 μόνον
506 4428 558 4483 τῶν
572 4426 731 4504 πελαργῶν,
743 4423 808 4504 ὑπὲρ
822 4449 859 4483 ων
873 4428 920 4485 οὐκ
966 4430 1075 4494 veniant,
1086 4443 1115 4480 ac
1123 4443 1174 4494 que
1182 4429 1464 4490 revertantur,nonaatia
1475 4429 1578 4478 constet.
1612 4427 1718 4485 Quidam
1729 4441 1760 4478 ex

128 4519 161 4578 οίν
176 4543 215 4586 τις
227 4515 342 4598 ἀκριόῶς
354 4513 428 4582 εἰδὼς
437 4513 518 4590 είποι,
529 4513 607 4573 πόθεν
619 4513 764 4587 ῆκουσιν,ῆ
776 4519 828 4572 ποῦ
841 4515 921 4574 πάλιν
966 4521 1041 4584 Lycia
1052 4521 1135 4570 volare
1146 4519 1232 4580 aiunt,
1247 4517 1289 4566 alii
1304 4531 1336 4567 en
1353 4515 1491 4579 rlitlriopia,
1504 4528 1554 4578 quo
1566 4516 1634 4577 loeo,
1647 4516 1761 4567 inchoata

129 4607 285 4667 ἐπανίασιν·
299 4609 324 4665 οἱ
340 4603 389 4682 μέν
403 4602 455 4684 γάρ
470 4606 500 4662 ἐκ
515 4603 616 4670 Δυκίας
635 4601 746 4674 αὐτοὺς,
765 4605 789 4662 οἱ
804 4601 832 4662 δὲ
847 4601 919 4682 ἔρχι·
966 4608 1198 4666 ΝἰΙίεκιιιιθεθοιιο.
1208 4605 1359 4656 secundatur
1369 4606 1494 4668 AEgyptua.
1529 4605 1761 4656 Mirabitiaomniao

129 4703 191 4757 σθαι
202 4696 229 4765 tt
240 4695 379 4762 Αἰθιοπίας
391 4693 486 4776 φασίν,
500 4691 559 4752 ὅθεν
570 4691 600 4750 τό
613 4691 705 4772 μυρίον
716 4691 785 4772 ίδωρ
799 4697 844 4750 τοῦ
858 4691 921 4752 Νεί·
967 4704 993 4750 et
1004 4699 1101 4750 solertia
1116 4697 1205 4761 ingenii
1217 4697 1291 4758 aunt,
1305 4695 1358 4744 εἰνε
1374 4693 1464 4756 iniuria
1474 4693 1598 4756 carenda,
1615 4694 1669 4744 sive
1685 4695 1761 4757 grati·

128 4790 178 4848 λου
202 4783 262 4852 τοὺς
284 4787 310 4842 ἐν
333 4781 461 4862 Αἰγύπτῳ
484 4780 600 4861 καρποὺς
621 4789 689 4839 ποιεῖ
713 4778 920 4854 πλατυνόμενοι.
968 4782 1490 4847 tudinisedendumaliquodaignumtuerit.
1525 4782 1760 4843 liujrramodiautem

130 4873 292 4951 Onopernoi
307 4871 335 4932 δέ
355 4873 399 4931 καί
418 4869 535 4951 ἀγγίνοοί
553 4871 635 4946 τίσιν,
648 4869 682 4940 ήν
709 4891 737 4927 τε
759 4866 923 4948 φυλάξασθαι
968 4877 1001 4928 de
1024 4877 1054 4926 iia
1070 4875 1151 4938 accepi
1166 4874 1215 4924 iera
1231 4871 1452 4932 narratiunculam
1464 4884 1522 4921 curu
1538 4870 1641 4934 quidarn
1659 4871 1762 4922 ciconiae

133 4965 253 5044 βλάθην,
275 4963 308 5034 ήν
331 4985 359 5022 τε
374 4962 474 5020 ίκτῖσαι
501 4959 548 5037 δέη
563 4959 641 5039 χάριν
665 4956 823 5037 εὐεργεσίας.
869 4958 924 5018 Καί
968 4979 1026 5015 arua
1044 4963 1125 5027 lapide
1139 4961 1400 5024 mutreqiaset,eaque
1413 4973 1427 5008 e
1441 4958 1762 5023 nidotransversnrtelupaa

964 4135 1027 4182 terra
1036 4133 1125 4182 teratur
1138 4133 1162 4181 et
1175 4133 1275 4195 tempus
1285 4129 1414 4182 advenerit
1427 4130 1582 4194 quiescendi.

132 5078 156 5112 τι
173 5053 234 5134 περὶ
245 5053 332 5109 αὐτῶν
343 5050 442 5110 τοιάνδε
456 5049 568 5120 ἀκήκοα·
583 5047 648 5127 λίθῳ
661 5067 701 5111 τις
714 5043 806 5111 σκέλος
828 5043 924 5104 ἔκλυσε
968 5049 1230 5115 εεεεί,ειιιιι1ίει·ίθιιε,
1243 5046 1486 5112 qureoiaudimntem
1496 5047 1616 5110 viderant,
1626 5051 1728 5111 excepta
1738 5051 1764 5099 et

133 5143 281 5220 πελαργοῶ·
294 5143 308 5196 ὀ
323 5138 345 5196 δ’
366 5137 420 5196 ἀπὸ
433 5141 480 5209 τῆς
495 5139 576 5195 αὑτοῦ
593 5134 701 5211 πλάγιος
720 5133 798 5192 ἔπεσε
815 5135 924 5213 καλιᾶς,
969 5145 1054 5192 curata
1062 5143 1101 5190 eat
1112 5136 1295 5200 ιιηιυίεςιίεὶιι,
1305 5135 1450 5198 sanatojnm
1462 5136 1558 5198 morbo,
1569 5147 1697 5200 praegressa
1705 5149 1762 5186 curn

134 5222 190 5288 εἶτα
216 5236 338 5308 praeire<
360 5231 518 5286 ἀσθενοῦντα
544 5225 621 5284 αὐτὸν
645 5223 692 5283 καί
712 5224 841 5292 σκάζοντα
862 5228 922 5282 θεα-
970 5228 1185 5281 oeteriaavolavit.
1220 5221 1454 5290 §adurentisdeinda
1470 5225 1526 5276 anni
1543 5223 1642 5276 veread
1658 5223 1762 5274 eandem
