4058 6092
658 465 867 529 maocalnl
886 463 1070 526 iuveniori
1090 463 1168 526 XXI.
1222 451 1224 456 ’
1673 469 1710 526 ti

117 597 271 676 αὐτομάτως
281 595 386 680 παρέύα
398 595 442 654 τθν
454 594 494 657 iio
506 595 613 678 δρόμον·
625 594 692 655 ἄλλά
702 595 745 655 τθν
755 593 833 654 imos
882 641 889 665 ,

116 687 249 769 ἇρροντίς
259 689 385 745 κόπτοισα
396 683 500 766 μακράν
515 684 562 743 eto
572 683 654 744 νύκτα
670 688 741 743 ποιεῖ
756 706 805 742 τοι.

425 785 593 834 ΑΣΦΑΔῙΩΝ.

117 850 158 941 ἔμ’
172 859 267 936 έμαθες
278 859 373 939 κρίνειν
384 857 443 918 πύκ’
456 859 578 932 ἐνύπνια,
590 855 693 940 χρηστά
707 855 758 938 γδιρ
776 846 843 916 εἶδον

70 966 102 1005 uo
115 947 146 1006 σύ
159 970 189 1006 σε
200 946 267 1006 θέλω
280 948 361 1020 obpro
373 946 557 1028 φαντάσματος
568 938 634 1023 ἧμιν
647 945 766 1026 ἄμοιρον,

115 1038 152 1102 ὡς
163 1035 208 1093 καί
220 1034 266 1093 τάν
284 1033 376 1114 άγραν,
391 1032 534 1116 τύινείρατα
548 1034 635 1092 πάντα
647 1033 761 1113 μερίζευ.

115 1123 146 1180 ού
155 1120 206 1203 γάρ
216 1121 328 1200 νυσταξῇ
339 1119 408 1181 κατὰ
422 1120 465 1180 τδν
479 1122 552 1181 νόον·
566 1113 639 1187 οὗτος
652 1120 755 1200 άριστος

116 1207 187 1268 ineo
197 1209 384 1290 ὀνειροκρίτας,
396 1212 410 1267 d
424 1207 579 1276 διδάσκαλός
589 1209 645 1267 ἔστι
655 1213 719 1287 παρ’
729 1199 751 1288 ᾧ
765 1211 832 1273 νοῦς.

116 1297 202 1362 άλλως
211 1296 256 1355 καί
270 1295 354 1376 σχολά
368 1299 436 1356 ίστι·
454 1296 481 1354 τί
493 1295 545 1405 γάρ
558 1298 640 1354 ποιεῖν
652 1294 684 1354 θν
698 1292 754 1373 ἔχοι
764 1316 802 1360 τις

71 1408 101 1449 σε
116 1382 231 1460 κείμενος
243 1386 268 1442 ἐν
281 1383 385 1465 φύλλοις
397 1382 458 1442 ποτὶ
472 1406 584 1461 κομοτι,
601 1382 666 1460 μηδὲ
681 1379 827 1454 καθεύδων;

115 1475 176 1531 ἀλλ’
187 1472 242 1541 ύνος
253 1477 279 1532 ἐν
290 1473 394 1555 ῥάμνῳ,
408 1472 438 1532 τδ
455 1471 480 1532 δὲ
496 1473 598 1553 λύχνιον
610 1476 636 1532 έν
647 1471 806 1553 πρυτανείῳ·

117 1560 193 1644 ραντί
204 1560 254 1642 γάρ
270 1560 414 1642 ἀγρυπνίαν
427 1561 480 1620 τόδ’
497 1560 576 1641 ἔχειν.

442 1665 582 1716 ETMPOE.

599 1737 658 1814 λέγε
671 1736 715 1812 μοί
728 1759 792 1796 ποτε
802 1733 893 1801 νυκτός

116 1825 186 1903 ὄψιν,
197 1823 284 1884 πάντα
296 1829 348 1906 τεῷ
357 1824 384 1884 δὲ
396 1823 479 1905 λέγων
489 1824 603 1903 μάνυοον
614 1823 718 1906 ἑταίρῳ.

420 1928 590 1976 ΑΣΦΑΔῙΩΝ.

116 1999 224 2060 δειλινὸν
235 2003 269 2068 ὡς
280 1999 437 2079 κατέδαρθον
452 2003 478 2060 ίν
492 2000 625 2061 εἰναλίοισι
639 1998 754 2059 πόνοισιν

70 2122 103 2164 w
119 2089 179 2168 (οὐκ
187 2079 219 2160 ἦν
229 2087 281 2167 μάν
291 2087 444 2166 πολύσιτος,
460 2087 516 2148 έπελ
530 2090 687 2155 δειπνεθντες
694 2089 720 2147 έν
732 2085 802 2168 ὥρογ,

116 2179 140 2236 τί
152 2176 252 2256 μίμνῃ,
261 2185 308 2244 τάς
319 2175 430 2258 γαστρθς
439 2175 600 2257 ἔρειδάμεθ),
611 2167 677 2235 εἶδον
693 2173 805 2252 ἐμαυτόν

115 2265 144 2323 έν
154 2261 238 2344 πέτρρ
252 2263 391 2346 βεύαῶτα,
403 2263 571 2346 καθεζόμενος
584 2265 607 2322 δ’
618 2261 734 2323 ἐδάκευον

116 2349 221 2430 ἰχθύας,
233 2352 264 2409 ἐκ
274 2349 402 2428 καλάμων
416 2348 444 2410 δέ
457 2351 555 2410 πλάνον
566 2348 704 2410 οιατίσειον
715 2347 824 2411 έδωδάν.

114 2435 163 2495 καί
178 2459 217 2504 τις
231 2440 283 2496 τῶν
293 2441 429 2519 τραρερίύν
444 2437 566 2519 ὠρέξατο·
584 2437 629 2497 καί
640 2435 691 2517 γάρ
707 2438 734 2495 έν
747 2435 835 2505 ύπνοις
865 2508 871 2516 Ι

71 2545 99 2587 ts
115 2532 191 2583 πᾶσα
208 2523 278 2584 κύων
292 2524 370 2607 άρτον
385 2525 549 2604 μαντεύεται,
570 2523 648 2605 ίχθύα
659 2523 760 2602 κήγύιν.

114 2611 397 2778 stistte
406 2601 820 2779 semtipsis.

114 2790 154 2866 τῷ
165 2785 227 2866 χέρε
238 2786 383 2865 τεινύμενος
393 2787 588 2870 περικλώμενον
601 2778 674 2867 εύρον
688 2790 793 2866 ἀγῶνα,

115 2878 172 2942 πῶς
185 2899 230 2951 μιν
241 2872 293 2934 [beo
308 2873 390 2954 μέγαν
402 2873 470 2955 ἰχθύ*
479 2874 678 2956 άραυροεέροισι
689 2873 812 2954 σιδάροις.

73 2993 103 3032 ω
115 2953 162 3022 εἶθ’
179 2962 385 3041 ύπομιμνάοκων
398 2966 435 3021 τῶ
451 2962 588 3043 τρώματος
600 2961 678 3044 ἠρέμ’
693 2959 785 3041 ένυξα,

115 3049 162 3109 καί
174 3049 249 3118 νύξας
263 3049 380 3130 ἕχάλαξα
393 3051 438 3110 καὶ
448 3052 477 3109 ού
489 3049 626 3131 φεύγοντος
642 3050 735 3111 lusson.

115 3137 200 3209 ἤνυσα
212 3137 235 3195 δ’
248 3127 286 3198 ὧν
298 3136 343 3196 τδν
357 3137 462 3210 ἄεθλον,
475 3136 615 3196 ἀνείλκυσα
626 3136 737 3217 χρύσεον
750 3135 839 3216 ίχθύν,

114 3233 204 3305 παντᾷ
217 3249 245 3284 τε
259 3229 349 3306 χρυσῷ
362 3223 573 3302 πεπυκασμένον.
588 3215 642 3304 εἶχε
658 3223 685 3283 δέ
701 3227 794 3302 δεῖμα,

116 3309 155 3388 μή
167 3335 193 3370 τι
207 3312 370 3373 Ποσειδάωνι
384 3312 458 3372 πέλοι
469 3312 643 3394 περιλαμάνος
656 3310 728 3391 ἰχθύς

73 3440 101 3478 ,,
115 3399 133 3470 θ,
149 3398 219 3479 τάχα
231 3409 279 3467 cd<
291 3401 406 3479 γλαυκᾶς
417 3397 552 3478 κειμήλιον
567 3399 742 3481 Ἀμφιτρίτας.

114 3485 237 3566 ἠρέμαδ
255 3486 334 3546 αύτθν
351 3485 416 3566 epos
432 3491 462 3546 ἐκ
476 3486 630 3568 τὼγκίστρω
643 3487 776 3560 ἀπέλυσα,

116 3573 154 3650 μή
168 3596 232 3632 ποτε
244 3577 283 3632 τῶ
296 3573 425 3651 στόματος
436 3573 590 3654 τοίγκίονρια
603 3573 700 3654 χρυσθν
715 3574 808 3655 έχοιον.

115 3659 161 3720 καὶ
172 3660 215 3720 rio
229 3660 278 3740 μέν
294 3661 422 3722 πίστευσα
435 3663 482 3722 καὶ
498 3661 596 3741 άγαγσν
611 3661 765 3742 ἀπηρεύτον·

114 3747 209 3825 ὤμοσα
222 3750 246 3808 δ’
263 3748 349 3809 οὐκέτι
358 3748 449 3809 λοιπὸν
460 3747 524 3828 ύπθρ
536 3748 665 3827 πελάγους
678 3749 748 3808 πύδα
760 3753 853 3822 θεῖναι,

73 3871 102 3908 ,υ
116 3834 186 3894 aiii
197 3843 283 3914 μενεῖν
297 3835 340 3894 ἐπί
353 3845 401 3915 γᾶς
411 3836 456 3895 καί
470 3841 508 3896 τῶ
513 3841 611 3948 χρυσῶ
628 3837 800 3916 βασιλεύσειν.

114 3921 201 3982 ταῦτά
215 3947 248 3999 με
259 3922 406 4003 κάξήγιιρε.
420 3922 450 3982 τθ
466 3924 499 3997 δ’,
511 3949 533 3984 ω
548 3923 616 3996 ξένε,
631 3923 721 3983 λοιπδν
734 3923 816 4004 ἔρειδε

115 4009 164 4070 τθιν
176 4009 294 4089 γνώμαν·
308 4009 384 4092 ύρκον
397 4009 447 4094 γάρ
462 4011 515 4090 ἐγὼ
528 4009 572 4070 τὸν
589 4011 716 4088 έπύιμοσα
733 4011 833 4093 ταρύῶ.

438 4114 581 4162 ΕΤΔῙΡΟΣ.

116 4182 162 4244 καλ
176 4183 208 4244 σύ
221 4208 251 4264 γε
261 4183 298 4263 μὴ
310 4184 443 4266 τρέσσεις;
458 4188 506 4245 ούκ
519 4184 633 4265 ὤμοσας·
645 4185 703 4246 οὐδὲ
715 4185 767 4268 γάρ
781 4187 855 4268 ἰχθύν

115 4272 225 4354 χρύσεον
239 4278 274 4340 dre
285 4273 337 4340 ίδις
346 4264 426 4354 εύρις·
440 4272 496 4333 ίσαι
510 4272 667 4354 θθψεύδεσιν
680 4273 758 4353 ὄψεις.

76 4397 101 4432 55
116 4362 138 4419 ιί
154 4361 201 4436 μέν
212 4358 264 4440 γάρ
276 4359 401 4420 κνώσσων
413 4359 445 4419 τθ
456 4360 490 4419 τά
505 4360 591 4443 χωρία
607 4367 692 4422 ταῦτα
705 4361 833 4440 ματεύεις,

116 4446 189 4514 ίλπθς
201 4450 253 4506 τῶν
264 4445 362 4509 ύπνων.
377 4447 449 4518 ζάτιι
461 4449 505 4508 τὸν
521 4448 643 4532 σάρκινον
658 4449 744 4529 ἰχθύν,

115 4533 154 4612 μὴ
168 4531 200 4594 σθ
214 4533 294 4615 θάνῃς
305 4535 376 4618 λιμῷ
386 4535 432 4594 καλ
443 4544 496 4604 τοῖς
507 4545 642 4619 χρυσοῖσιν
656 4518 770 4620 δύείροις.

936 593 1021 655 sponte
1028 591 1198 656 transgreditur
1211 605 1282 642 sumn
1292 603 1404 652 cursuum
1417 590 1459 641 sed
1467 603 1578 641 somnum

936 694 995 732 eura
1003 681 1129 733 excutiens
1136 678 1282 744 1ουςοιυιί1ιί
1290 681 1386 729 noctem
1396 678 1478 728 aideb.

1234 784 1417 830 aseniclon.

937 886 996 923 num
1004 873 1066 924 ioris
1074 871 1177 922 didicisti
1186 871 1336 936 interpretari
1344 869 1452 921 somniat
1461 871 1525 921 bona
1534 870 1598 921 enim
1610 871 1667 922 vidi.

937 963 993 1012 noto
1002 963 1079 1012 tenisi
1090 963 1137 1012 mei
1148 963 1345 1024 esscexpertem,

937 1051 964 1100 ut
975 1049 1165 1114 eiiamptectum
1178 1047 1298 1113 praedam,
1308 1050 1346 1098 sic
1354 1048 1446 1098 somnia
1456 1047 1480 1097 in
1490 1047 1555 1097 omni
1569 1061 1595 1098 rs
1604 1061 1714 1098 commu·

937 1138 977 1189 niu
989 1151 1085 1188 meeum
1103 1137 1184 1202 baba]
1204 1149 1253 1187 non
1268 1137 1333 1186 enim
1344 1134 1485 1186 dormitabis
1496 1136 1539 1186 tuo
1552 1136 1655 1198 ingenio.
1676 1137 1716 1187 ilie

937 1225 1052 1291 optimus]
1067 1227 1103 1276 est
1118 1225 1267 1275 somniomm
1282 1224 1412 1288 interpres,
1426 1223 1466 1273 coi
1480 1237 1525 1287 pro
1541 1235 1585 1273 suc
1603 1221 1715 1286 magistro

937 1311 1349 1377 adesiiogenium.]praeiereaetiam
1356 1311 1433 1362 otium
1441 1313 1490 1374 est;
1499 1311 1559 1374 quid
1567 1310 1631 1361 enim
1640 1311 1716 1361 iacere

937 1402 991 1466 quie
999 1401 1082 1465 possit]
1090 1400 1172 1462 jacens
1183 1399 1208 1450 in
1215 1399 1277 1450 toliis
1286 1399 1318 1449 ed
1329 1411 1408 1462 orare,
1422 1412 1501 1462 neque
1513 1398 1650 1449 dormiens?

936 1489 978 1540 ssd
989 1488 1069 1539 asinus
1081 1489 1107 1538 in
1115 1487 1201 1552 spirim
1211 1488 1258 1538 boo
1267 1500 1325 1538 vero
1334 1487 1479 1538 eaiiucerna
1487 1487 1512 1538 in
1521 1488 1654 1551 Prytaneo3

937 1577 1005 1626 aiunt
1014 1576 1078 1626 enim
1085 1575 1304 1640 bancperaigilium
1313 1587 1391 1638 agere.

1257 1681 1394 1724 sobius.

1401 1748 1440 1798 dic
1447 1747 1507 1798 mibi
1518 1749 1617 1800 medem
1624 1749 1700 1802 noctis

937 1839 1031 1902 ubam,
1041 1840 1066 1889 et
1078 1838 1159 1889 omnia
1167 1839 1278 1888 accurate
1291 1850 1413 1900 exponens
1423 1836 1502 1888 indica
1515 1838 1558 1887 tuo
1569 1837 1653 1888 sodali.

1235 1943 1416 1988 assuetiori.

937 2027 1035 2079 vespere
1045 2015 1074 2064 ut
1084 2012 1220 2064 obdormivi
1228 2013 1253 2063 in
1266 2011 1365 2062 marinis
1376 2011 1497 2062 laboribus

938 2102 996 2164 (non
1010 2114 1067 2152 sane
1076 2114 1141 2151 eram
1155 2100 1232 2151 mutio
1251 2099 1304 2150 cibo
1319 2100 1438 2164 repleius,
1452 2099 1567 2163 qnoniam
1574 2099 1703 2164 tempestiue

937 2191 1058 2240 ooenanies
1065 2189 1111 2253 ‚]si
1121 2188 1262 2251 meministi,
1274 2187 1353 2239 venui
1362 2187 1544 2251 portabamus),
1556 2187 1665 2238 videbam
1676 2201 1715 2239 ms

937 2276 1028 2341 ipsum]
1037 2277 1062 2327 in
1075 2289 1134 2340 rupe
1145 2277 1290 2338 remantem,
1299 2273 1432 2338 mensque
1440 2274 1598 2325 observabam

937 2365 1025 2427 pisces,
1038 2365 1105 2414 etex
1117 2362 1234 2412 nundine
1247 2362 1357 2412 indecem
1369 2360 1506 2425 quatiebant
1517 2373 1605 2412 escum

937 2455 1010 2515 atque
1023 2451 1121 2514 quidam
1131 2453 1210 2515 piscia
1224 2449 1278 2499 haec
1288 2450 1401 2500 alimenta
1414 2449 1527 2512 appetitu
1537 2450 1626 2500 etenim
1641 2451 1665 2499 in
1679 2464 1712 2500 so

937 2532 1120 2604 muis]'quiiinei
1131 2539 1197 2588 canis
1205 2538 1279 2588 otiam
1291 2538 1431 2600 auguratur,
1440 2537 1530 2600 piscem
1538 2539 1563 2588 et
1571 2550 1623 2600 ego.

937 2629 962 2677 et
972 2626 1012 2676 iiie
1025 2625 1122 2690 quidem
1134 2626 1207 2675 bumo
1216 2625 1407 2687 adhaerescebat,
1419 2627 1445 2674 et
1453 2623 1544 2675 fluebat
1554 2625 1662 2688 sanguim

937 2713 1126 2778 mnndinemque
1136 2727 1151 2764 a
1162 2715 1231 2765 mobu
1240 2715 1366 2763 ουινείιιιιι
1376 2711 1497 2763 tenebam.

937 2795 1012 2866 quare
1020 2801 1103 2852 ambas
1110 2815 1197 2852 manus
1209 2801 1341 2852 extendens
1351 2801 1418 2864 tergo
1434 2799 1560 2851 incurvato
1568 2800 1649 2851 invem
1662 2814 1713 2850 cer-

937 2890 1037 2955 inmen]‚
1044 2888 1359 2954 quomodoeomextrubam
1366 2901 1481 2952 magnum
1489 2888 1579 2951 piscem
1585 2888 1716 2940 infirmiore

938 2976 1020 3043 ierro.]
1032 2980 1085 3029 tum
1094 2977 1225 3030 ιθειοιιοιιε
1231 2979 1329 3041 piscem
1339 2976 1370 3026 de
1378 2977 1477 3027 minere
1488 2976 1574 3027 leuiter
1583 2978 1686 3040 pupugi,

938 3067 962 3116 et
970 3079 1047 3130 οιιιιιιι
1056 3065 1208 3129 pupugissent
1214 3064 1308 3128 remisi,
1319 3077 1445 3128 quumque
1456 3077 1505 3114 non
1514 3065 1607 3128 iirgerei
1615 3064 1715 3116 intendi.

938 3153 1029 3204 conieci
1037 3153 1109 3216 igitur
1122 3151 1353 3216 certameu,utiraxi
1365 3164 1467 3202 aureum
1478 3151 1582 3216 pbsem,

939 3241 1113 3305 undiqueauro
1126 3241 1268 3290 obductum.
1281 3239 1380 3290 tenebat
1388 3241 1470 3290 autem
1483 3252 1523 3292 me
1531 3239 1613 3304 timor,

938 3343 969 3380 ne
979 3330 1040 3381 iorie
1047 3331 1158 3394 Neptuno
1167 3329 1269 3379 dilectus
1277 3328 1339 3379 essai
1350 3327 1435 3392 piscis,

937 3419 980 3468 aui
989 3419 1051 3470 torte
1060 3417 1155 3482 fulgidae
1167 3417 1259 3468 delicie
1268 3415 1430 3480 amptiiriies

937 3505 1030 3570 placide
1036 3519 1092 3556 eum
1104 3519 1147 3570 ego
1156 3505 1228 3554 harno
1236 3503 1342 3567 exsolvi,

937 3607 968 3644 ne
981 3593 1043 3643 torte
1051 3592 1137 3644 hamus
1147 3593 1200 3642 auri
1208 3591 1268 3656 quid
1276 3605 1308 3642 ex
1317 3605 1360 3642 ore
1368 3592 1490 3644 retineret.

938 3682 1011 3744 nique
1020 3679 1086 3729 hunc
1094 3679 1130 3729 sic
1138 3679 1239 3730 tidenter
1252 3681 1405 3730 exponerem
1413 3679 1527 3742 inditium

936 3767 1016 3831 iuravi
1024 3770 1115 3830 anian,
1125 3781 1165 3818 me
1173 3767 1413 3831 postbacnumquam
1420 3768 1445 3816 in
1453 3767 1513 3816 neeri
1523 3767 1608 3830 pedem
1618 3781 1668 3816 esse
1678 3781 1716 3831 po

937 3855 1060 3920 siturum]
1070 3855 1112 3906 sed
1121 3857 1146 3905 in
1154 3857 1219 3906 terra
1229 3868 1371 3906 mensurum
1384 3856 1409 3905 ei
1421 3868 1481 3904 auro
1494 3854 1675 3918 imperaturum.

939 3943 993 3993 huc
1001 3957 1041 3994 me
1052 3942 1195 3992 excitamnt.
1204 3927 1230 3992 ui
1241 3943 1280 4004 tu,
1292 3943 1382 4005 unice,
1390 3941 1441 4006 J'am
1452 3943 1549 3993 intende

940 4034 1013 4083 tuom
1022 4029 1392 4094 meniem31nsjuraudumcnirn
1402 4031 1534 4096 ego,quod
1540 4031 1629 4094 jurari,
1639 4032 1722 4082 timeo.

1260 4139 1395 4180 scennis.

938 4207 964 4256 ei
972 4207 1001 4256 tu
1009 4205 1106 4269 quidem
1115 4219 1207 4256 numne
1217 4206 1328 4257 timebis?
1337 4220 1385 4256 non
1392 4205 1492 4270 jurasti;
1504 4219 1550 4257 nec
1558 4207 1621 4256 enim
1630 4207 1718 4269 piscem

939 4306 1049 4354 aureum,
1057 4293 1119 4344 deut
1127 4293 1217 4356 uidisti,
1223 4293 1333 4344 invenisti
1338 4293 1439 4356 ;stmilia
1449 4296 1514 4345 sunt
1521 4293 1650 4344 mendaciis
1658 4295 1717 4346 visa.

938 4393 995 4430 nam
1008 4381 1029 4430 si
1045 4372 1102 4431 sane
1116 4381 1296 4432 antummodo
1307 4381 1428 4432 dormiens
1443 4383 1470 4432 iu
1484 4381 1510 4431 in
1521 4381 1572 4432 istis
1585 4381 1719 4444 regionibus

939 4467 1087 4534 investigas]
1095 4469 1342 4534 iumspeseaitclium
1351 4469 1509 4520 somniorum.
1516 4481 1598 4532 qnaere
1604 4481 1718 4520 carneum

940 4555 1049 4622 piscem]
1062 4570 1094 4609 ne
1106 4559 1134 4608 iu
1145 4557 1255 4609 moriaris
1266 4559 1330 4610 ianne
1340 4557 1413 4609 eiiam
1426 4557 1452 4606 iu
1462 4557 1512 4606 iuis
1524 4557 1603 4607 eureis
1611 4556 1717 4608 somniis.
