4058 6092
296 455 330 506 tt
547 451 549 456 '
840 438 1057 504 ΘΕΟΚΡΙΤΟΥ
1078 439 1285 506 ΕΙΔΥΔΛΙΟΝ
1305 445 1338 504 Z.

291 585 362 644 ἀλόω
375 583 563 666 ἀπαρχόμενοι·
578 581 651 662 μάλα
665 581 716 663 γάρ
730 604 803 664 σφισι
815 581 885 644 πίονι
899 582 985 666 μέτρῳ

291 674 308 732 ἃ
322 672 423 750 δαίμων
437 670 551 753 εὔκριθον
566 669 748 751 ἀνεπλήρωσεν
761 670 857 730 ἀλωάν.

249 780 277 822 aa
290 760 347 819 ἀλλ’
362 759 408 838 ἄγε
423 757 474 832 δή,
489 756 551 826 ξυνά
564 756 614 836 γάρ
628 755 697 828 όδός,
712 756 772 826 ξυνὰ
786 757 813 817 δί
828 758 875 817 καί
889 757 957 833 ἀώς,

291 845 555 926 βωκολιασδώμεσθα·
569 843 630 925 τάχ’
643 842 736 926 ώτερος
749 845 828 905 ἄλλον
837 848 933 905 δνασεῖ.

290 935 335 995 καί
351 933 401 1017 γάρ
411 932 463 1013 ἐγώ
477 937 581 996 Μοισᾶν
596 933 713 1012 καπυρόν
727 932 832 1012 στόμα,
846 933 914 1010 κήμὲ
926 931 1027 1012 λέγοντι

289 1022 384 1090 πάντες
404 1021 489 1082 ἀοιδδν
505 1021 618 1102 ἄριστον·
633 1019 685 1097 ἐγώ
699 1019 727 1079 δέ
739 1043 777 1088 τις
790 1023 820 1080 οὐ
833 1019 1006 1100 ταχυπειθής,

289 1113 318 1171 οὐ
332 1115 399 1171 Λᾶν·
413 1113 442 1171 αὖ
453 1110 504 1192 γάρ
518 1133 561 1168 πω
573 1108 633 1168 κατ’
646 1108 708 1186 έμδν
721 1107 778 1167 νόον
789 1107 848 1168 οὔτε
858 1109 902 1168 τὸν
917 1107 1006 1168 έσθλδν

249 1219 277 1258 eo
290 1198 427 1260 Σικελίδαν
442 1197 533 1275 νίκημι
546 1196 590 1256 τὸν
605 1199 636 1257 ἐκ
646 1196 731 1274 Σάμω
746 1195 805 1256 οὔτε
819 1198 941 1267 Φιλητᾶν

290 1287 390 1358 ἀείδων,
404 1286 534 1366 βάτραχος
552 1283 580 1343 δέ
595 1286 654 1344 ποτ’
668 1284 775 1366 ἀκρίδας
792 1282 826 1352 de
838 1308 875 1352 τις
888 1284 960 1365 έρίσδ
983 1328 991 1344 .

289 1373 324 1442 de
337 1373 440 1456 ἐφάμαν
453 1372 580 1440 ἐπίταδες·
594 1375 609 1432 ὁ
623 1372 645 1432 δ’
660 1372 766 1439 αἰπόλος
779 1370 829 1431 ddi»
842 1371 967 1450 γελάξας,

289 1460 338 1521 τάν
351 1485 406 1534 τοι,
421 1460 488 1542 ἔφα,
500 1458 610 1539 κορύναν
622 1458 803 1540 δωρότταμαι,
816 1458 919 1518 οὕνεκέν
930 1461 988 1519 ἐσσι

190 1545 196 1557 ’
289 1559 342 1608 πᾶν
357 1548 398 1609 ἐπ’
414 1547 524 1629 ἀλαθεία
538 1545 722 1625 πεπλασμένον
736 1550 766 1606 ἐκ
777 1547 837 1614 Διὸς
852 1545 931 1626 ἔρνος.

249 1650 276 1690 ει
289 1635 324 1703 il<
338 1659 382 1715 μοι
395 1634 441 1694 καί
454 1633 553 1693 τέκτων
570 1632 627 1711 μέγ’
642 1632 799 1714 ἀπέχθεται,
814 1633 883 1701 ὅστις
897 1636 986 1714 ἐρευνῇ

286 1715 344 1783 ἴσον
358 1722 431 1802 όρευς
443 1731 543 1803 κορυφᾷ
556 1720 660 1781 τελέσαι
674 1720 753 1799 δόμον
768 1720 966 1803 Ὠρομέδοντος,

289 1810 335 1871 καὶ
349 1815 452 1872 Μοισᾶν
463 1809 577 1890 όρνιχες,
591 1805 647 1869 όσοι
663 1807 725 1868 ποτλ
738 1811 803 1870 Χῖον
819 1807 904 1869 άοιδόν

290 1898 365 1958 ἀντία
382 1897 548 1967 κακκόζοντες
559 1895 655 1956 ἐτώσια
670 1897 827 1977 μοχθίζοντι.

291 1987 349 2046 ἀλλ’
363 1986 411 2065 ἄγε
426 1987 571 2066 βωκολικᾶς
582 1983 683 2063 ταχέως
694 1983 828 2066 ἀρχώμεθ’
847 1985 947 2055 ἀοιδᾶς,

251 2098 278 2138 so
292 2074 427 2154 Σιμιχίδα·
441 2070 515 2152 κήγὼ
529 2071 594 2149 μέν,
608 2070 656 2154 όρη
670 2071 761 2153 φίλος,
774 2072 798 2132 εί
809 2094 850 2132 τοι
865 2072 968 2152 ἀρέσκει

289 2165 358 2219 ταῦθ’
376 2161 392 2219 ό
405 2185 432 2220 τι
445 2159 514 2241 πρδιν
529 2161 555 2218 ἐν
568 2159 624 2239 όρει
635 2158 665 2218 εδ
679 2159 815 2241 μελύδριον
828 2157 980 2229 ἐξεπόνασαι.

330 2249 434 2309 ἔσσεται
447 2247 600 2322 Ἇγεάνακτι
611 2245 689 2319 καλδς
702 2247 781 2315 πλόος
794 2249 820 2314 ἐς
834 2245 1005 2319 Μυτιλάναν,

289 2335 380 2416 χώταν
394 2335 436 2416 ἐφ’
449 2333 576 2416 ἑσπερίοις
596 2335 691 2416 ἐρίφοις
704 2334 775 2402 νότος
786 2333 851 2414 typi
866 2332 947 2413 διώκῃ

291 2422 412 2501 κύματα,
425 2421 545 2503 χὫρίων
561 2420 598 2481 ὅτ’
615 2425 656 2481 ἐπ’
671 2421 790 2504 Ὠκεανῷ
802 2420 883 2488 πόδας
896 2421 982 2502 ίσχει,

251 2539 277 2577 ee
291 2511 362 2571 αἴκεν
376 2510 420 2570 τδν
434 2510 549 2573 Λυκίδαν
567 2509 725 2589 ἀπτεόμενον
739 2509 765 2579 ἐξ
784 2508 941 2593 Ἀφροδίτας

292 2599 393 2681 ρύηται·
409 2598 500 2679 θερμὸς
511 2597 562 2678 γάρ
580 2596 644 2680 ἔρως
655 2599 727 2657 αὐτῶ
745 2621 778 2676 με
792 2597 921 2658 καταίθει.

290 2685 431 2768 χᾶλκυόνες
443 2686 647 2766 στορεσεῦντιτδι
658 2685 764 2764 κύματα
774 2685 822 2746 τάν
834 2709 863 2745 τε
880 2685 1026 2762 θάλασσαν,

290 2776 334 2834 τόν
346 2797 374 2834 τε
387 2773 458 2834 νότον
471 2774 515 2834 τόν
530 2773 553 2834 τ’
573 2765 660 2854 εθρον,
675 2773 703 2842 δς
714 2773 814 2854 ἔσχατα
830 2772 910 2854 φυκία
922 2781 1001 2848 κινεῖ,

293 2863 432 2939 ἀλκυόνες,
446 2865 571 2941 γλαυκαῖς
589 2862 705 2946 Νηρηίσι
721 2861 794 2922 ταίτε
812 2863 928 2938 μάλιστα

251 2982 278 3021 ω
291 2950 401 3032 ὀρνίχων
415 2950 550 3032 ἐφίλαθεν,
563 2950 635 3018 όσαις
648 2949 678 3009 τέ
688 2973 738 3030 περ
750 2949 776 3018 ἐξ
789 2949 849 3018 ili<
863 2949 941 3031 ἀγρα.

290 3037 443 3117 Ἀγεάνακτι
455 3037 534 3097 πλόον
546 3036 676 3119 διζημένω
690 3039 714 3106 ές
728 3036 881 3097 Μυτιλάναν

290 3126 357 3208 ώρια
369 3125 455 3186 πάντα
469 3125 581 3204 γένοιτο,
596 3126 641 3186 καὶ
653 3124 762 3185 εὔπλοον
773 3126 853 3206 όρμον
865 3123 958 3187 ἵκοιτο.

289 3213 365 3293 κήγὼ
377 3219 440 3287 τῆνο
454 3213 513 3272 κατ’
525 3205 599 3296 θμαρ
616 3211 733 3284 ἀνήτινον
748 3211 766 3284 ἢ
779 3211 898 3295 ροδόεντα

290 3302 364 3375 iani
379 3296 502 3362 λευκοίων
520 3301 646 3382 στέφανον
660 3300 720 3382 περί
737 3300 815 3382 κρατί
828 3300 968 3382 φυλάσσων

252 3419 279 3456 cs
291 3389 335 3450 τδν
348 3388 524 3450 Πτελεατικδν
539 3379 606 3447 οἶνον
622 3387 674 3446 ἀπὸ
685 3393 813 3469 κρατῆρας
828 3387 916 3469 ἀφυξῶ

289 3479 345 3558 πάρ
358 3476 421 3558 πυρί
434 3476 596 3553 κεκλιμένας,
610 3474 711 3553 κύαμον
726 3474 755 3535 δέ
766 3499 805 3543 τις
817 3478 844 3535 ἀν
855 3475 919 3557 πυρί
932 3475 1027 3557 φρυξεῖ·

290 3565 327 3646 χά
339 3564 430 3632 στιόθις
441 3565 555 3623 ἐσσεῖται
565 3561 756 3642 πεπυκασμένα
769 3562 817 3631 έςτ’
835 3562 879 3621 έπλ
894 3572 981 3643 πᾶχυν

290 3653 370 3734 κνθζφ
384 3657 407 3712 τ’
422 3651 558 3734 ἀσφοδέλῳ
572 3675 601 3711 τε
613 3651 809 3732 πολυγνάμπτῳ
822 3673 852 3711 τε
867 3651 967 3733 σελίνιρ.

290 3740 337 3801 καὶ
351 3739 447 3820 πίομαι
461 3741 587 3818 μαλακῶς
604 3739 769 3818 μεμνημένος
781 3738 950 3819 Ἀγεάνακτος

251 3851 278 3896 70
292 3830 410 3889 elicuisse
423 3829 557 3889 κυλίκεσσι
567 3828 612 3888 καλ
626 3831 651 3896 ἐς
661 3829 744 3910 τρύγα
755 3832 841 3909 χεῖλος
855 3829 967 3908 ἐρείδων.

291 3919 444 3988 αθληοεῦντι
456 3915 484 3975 δέ
500 3939 546 3994 μοι
560 3916 606 3977 δόο
619 3915 754 3994 ποιμένες,
772 3907 808 3983 εἷς
825 3915 871 3993 μὲν
884 3915 1040 3998 Ἀχαρνεύς,

291 3995 327 4072 εἷς
342 4002 369 4063 δί
383 4002 548 4071 Λυκωπίτας·
565 4006 579 4062 δ
597 4003 624 4063 δὲ
637 4004 747 4085 Τίτυρος
760 3998 864 4082 έχμίθεν
876 4003 948 4086 ᾀσεῖ,

290 4091 326 4161 d<
340 4115 409 4153 ποκα
421 4098 467 4158 τᾶς
479 4088 577 4157 Ξενίας
590 4089 725 4170 ἠράσσατο
736 4091 833 4173 Δάφνις
844 4090 968 4171 όβώτας,

290 4185 345 4264 χώς
358 4181 415 4262 όρος
428 4179 584 4259 ἀμφεπόλει,
598 4181 653 4258 χώς
665 4180 693 4237 αί
706 4177 778 4259 δρόες
795 4179 871 4238 αθτδν
885 4179 1017 4262 ἐθρήνεον,

251 4283 278 4329 'la
292 4270 383 4350 Ἱμέρα
395 4265 451 4327 αίτε
469 4266 557 4349 φύοντα
570 4269 634 4348 παρ’
648 4266 766 4345 όχθαισιν
780 4270 926 4345 ποταμοῖο,

291 4349 348 4418 εθτε
359 4381 380 4436 χ
381 4357 424 4416 ιὼν
437 4352 472 4422 ώς
480 4379 518 4422 τις
529 4353 687 4414 κατιτάκετο
698 4354 797 4434 μακρδν
810 4354 853 4436 ὑφ’
867 4346 952 4434 Αἶμον

290 4441 309 4518 ἢ
322 4443 392 4507 Ἄθω
404 4445 422 4514 ἢ
436 4440 565 4502 Ῥοδόπαν
579 4439 596 4512 ἢ
615 4439 756 4502 Καύκασον
771 4442 948 4522 ἐσχατόωντα.

292 4533 351 4617 dcci
364 4529 396 4604 δ’,
407 4527 442 4598 ώς
452 4529 511 4590 ποκ’
523 4528 611 4590 ἔδεκτο
625 4529 668 4589 τδν
684 4529 791 4590 αἰπόλον
807 4529 883 4611 εθρέα
898 4530 996 4613 λάρναξ

291 4621 356 4692 ζωδν
374 4620 448 4679 ἐόντα
463 4619 584 4678 κακαῖσιν
596 4617 795 4677 ἀτασθαλίαισιν
807 4617 935 4696 ἄνακτος,

254 4723 281 4764 ao
291 4708 327 4776 ώς
339 4707 368 4768 τί
380 4731 419 4766 νιν
434 4709 461 4766 αί
475 4705 551 4784 σιμαὶ
563 4704 703 4783 λειμωνόθε
713 4704 807 4786 φέρόον
824 4707 903 4766 δαῖσαι
1006 4727 1010 4733 ’

292 4794 381 4876 κέδρον
396 4795 420 4860 ές
434 4794 523 4853 ἁδεῖαν
538 4795 666 4870 μαλακοῖς
680 4793 784 4852 άνθεσσι
797 4792 934 4871 με’λιοσαι,

292 4881 383 4943 αθνεκά
398 4883 422 4941 οἱ
437 4878 518 4959 γλυκθ
533 4882 622 4941 Μοῖσα
635 4880 702 4940 κατὰ
716 4880 844 4957 στόματος
857 4880 901 4961 χέε
918 4880 1022 4965 νέκταρ,

294 4961 316 5030 ώ
329 4969 472 5051 μακαριοτὲ
486 4974 613 5047 separa,
625 4969 656 5028 τύ
674 4976 721 5044 θην
734 4971 796 5030 τάδε
807 4969 906 5051 τερπνά
918 4971 1067 5050 πεπόνθεις,

292 5061 338 5120 καλ
351 5059 382 5118 τίν
396 5059 574 5133 κατεκλάσθης
592 5061 618 5125 ἐς
631 5058 763 5139 λάρνακα,
778 5059 823 5118 καλ
835 5059 866 5118 τὺ
881 5060 1008 5138 μελισσᾶν

254 5199 281 5240 ,,
292 5148 371 5229 κηρία
382 5147 537 5230 ρερόόμενας
549 5146 604 5213 ἔτος
613 5145 690 5226 ώριον
704 5147 870 5217 ἀξεπόνασας.

294 5236 346 5297 αἴθ’
361 5239 402 5296 ἐπ’
416 5234 476 5315 ἐμοὶ
490 5239 563 5306 tuot<
575 5234 719 5317 ἐναρίθμιος
729 5235 826 5318 ώφελτς
839 5227 922 5316 ἦμεν,

1108 593 1204 656 trogum
1220 592 1338 657 prlmltias
1358 593 1499 652 alterantesy
1522 590 1652 642 adnsodum
1673 591 1754 655 pingui
1775 591 1842 642 alim
1862 593 1894 644 iis

1109 681 1229 746 mensura]
1240 680 1285 731 dea
1293 681 1407 732 horreum
1415 680 1534 730 trumento
1548 678 1670 743 praestanti
1682 679 1791 742 replevit.

1109 767 1152 818 sed
1159 782 1210 832 age,
1220 781 1277 819 nam
1286 767 1420 818 eommunis
1426 769 1462 818 est
1469 767 1517 830 via,
1527 765 1741 816 communlsetiam
1748 781 1846 830 aurora,

1109 855 1362 918 carmenpastoritium
1368 868 1495 916 canmnusy
1503 855 1639 906 laellealter
1644 855 1896 908 alterumdelectahit.

1110 943 1200 994 etenim
1208 957 1251 1006 ego
1260 957 1319 994 suan
1327 945 1450 994 Musarum
1460 955 1488 992 os
1496 941 1640 1004 lacendum,
1650 944 1674 992 et
1682 955 1721 992 me
1729 942 1814 994 dicunt

1110 1044 1195 1082 omnes
1203 1033 1276 1082 cantu
1284 1030 1435 1096 praecellerey
1444 1044 1488 1094 ego
1496 1033 1578 1081 autem
1589 1043 1639 1081 non
1651 1044 1711 1081 sum
1724 1031 1851 1093 credulus,

1110 1130 1159 1167 non
1167 1131 1210 1182 per
1218 1121 1303 1170 lovem
1310 1134 1317 1179 ς
1325 1129 1478 1181 nequaquam
1486 1116 1551 1167 enim
1558 1117 1690 1168 secundum
1698 1130 1777 1167 meam
1793 1122 1897 1168 senten-

1110 1207 1221 1256 tiamnec
1229 1206 1391 1271 praestantem]
1400 1205 1638 1256 sicelidamsamlurn
1645 1207 1717 1256 vineo
1722 1219 1766 1258 nce
1772 1207 1898 1258 Philotam

1111 1293 1244 1356 cantando,
1254 1293 1294 1344 sed
1304 1295 1332 1344 ut
1344 1307 1403 1344 rana
1415 1307 1471 1344 cnm
1483 1294 1582 1345 locustis
1596 1294 1725 1347 contendo.

1111 1382 1146 1432 sic
1154 1381 1205 1433 dixl
1214 1383 1338 1445 consulto;
1348 1381 1470 1445 caprarius
1480 1384 1562 1434 numm
1575 1381 1646 1432 dulce
1654 1382 1747 1447 ridens,

1110 1469 1158 1520 hoc
1167 1469 1225 1533 tihi,
1234 1469 1326 1534 lnquit,
1340 1470 1429 1534 pedum
1442 1470 1521 1534 dono,
1535 1470 1601 1535 quod
1613 1484 1639 1522 es

1110 1558 1252 1610 totuslovis
1264 1572 1360 1622 germen
1370 1559 1459 1621 factm,
1473 1559 1534 1609 nibil
1547 1559 1628 1610 colens
1636 1557 1682 1610 nisi
1695 1559 1831 1612 veritatem.

1111 1645 1652 1710 nammihietarclaitectusmagnopereinvisns
1657 1647 1856 1711 est,quioonatur

1110 1733 1200 1784 montis
1209 1733 1284 1784 instar
1292 1733 1398 1798 aliquam
1410 1733 1510 1784 domum
1523 1735 1724 1786 oromedonteam
1738 1738 1878 1798 exstruere,

1111 1822 1136 1870 et
1148 1823 1271 1872 Musarum
1280 1821 1360 1885 alites,
1370 1823 1490 1884 quotquot
1498 1825 1583 1872 contra
1595 1822 1684 1872 chium
1697 1823 1776 1873 vatem
1788 1824 1898 1885 (Hosne-

1111 1906 1194 1972 rum)]
1206 1921 1237 1958 ex
1249 1907 1349 1958 adverso
1358 1908 1483 1960 stridentes
1497 1910 1584 1960 irustra
1595 1910 1714 1961 laborant.

1111 1994 1153 2046 sed
1165 2008 1216 2058 age,
1230 1995 1380 2062 pastoritium
1389 2010 1485 2046 carmen
1494 1998 1681 2061 quamprimum
1691 1998 1861 2062 incipiemus„

1111 2081 1252 2146 sinrichida;
1261 2085 1285 2133 et
1291 2096 1334 2147 ego
1339 2082 1436 2146 quidem
1441 2085 1635 2136 cunam-vide
1642 2086 1753 2148 amice,si
1760 2085 1803 2136 tibi
1811 2087 1898 2150 placet

1111 2170 1158 2220 hoc
1165 2169 1230 2233 quod
1242 2184 1320 2234 nuper
1331 2171 1357 2222 ln
1369 2173 1452 2222 monte
1465 2185 1562 2223 carmen
1575 2173 1649 2223 breve
1661 2175 1790 2226 meditatus
1798 2189 1864 2225 snm.

1142 2257 1264 2322 contingat
1277 2259 1404 2322 Ageanacti
1414 2259 1471 2310 lelix
1479 2260 1599 2324 navigatio
1607 2261 1633 2310 in
1642 2262 1784 2326 Mytilenen,

1111 2345 1213 2396 etiamsi
1225 2345 1330 2396 occiduis
1340 2347 1415 2398 aeds
1423 2349 1500 2398 Motus
1510 2348 1622 2398 humidos
1634 2349 1708 2412 agitet

1111 2431 1212 2495 ductus,
1227 2435 1252 2484 et
1262 2433 1303 2485 ille
1313 2434 1387 2484 Orion
1400 2435 1497 2499 quando
1510 2436 1535 2484 in
1545 2439 1641 2487 oceano
1653 2437 1727 2500 pedes
1738 2438 1813 2501 sistit,

1111 2521 1132 2571 si
1143 2520 1247 2584 Lycidan
1258 2535 1340 2572 amore
1352 2525 1445 2573 tostum
1454 2537 1485 2574 ex
1496 2527 1590 2574 Venere

1111 2607 1209 2671 liberet;
1217 2608 1309 2661 calidus
1317 2611 1382 2660 enim
1395 2623 1463 2660 amor
1476 2609 1539 2660 illius
1551 2623 1590 2660 me
1600 2611 1656 2661 urit.

1111 2698 1185 2760 atque
1195 2695 1322 2760 halcyones
1334 2700 1442 2748 sternant
1450 2697 1539 2749 linctus
1547 2701 1572 2749 et
1580 2712 1661 2762 mare,

1112 2790 1136 2837 et
1147 2789 1233 2838 notum
1242 2790 1267 2839 et
1275 2802 1361 2839 eurum
1367 2825 1376 2852 ,
1390 2790 1433 2853 qui
1441 2792 1562 2840 extremm
1572 2789 1636 2852 algas
1649 2792 1748 2853 movet,

1112 2875 1253 2939 halcyone,
1267 2877 1356 2938 glanem
1367 2876 1507 2928 Nereidibus
1515 2890 1571 2940 quae
1583 2877 1689 2927 maxime

1111 2959 1327 3027 avium'amantur,
1341 2964 1429 3027 quibus
1442 2965 1539 3028 quidem
1552 2977 1566 3014 e
1579 2964 1640 3014 mari
1652 2964 1733 3017 victus
1745 2969 1791 3016 cst.

1112 3051 1239 3112 Ageanacti
1254 3049 1379 3112 nadgandi
1393 3051 1597 3114 opportunitatem
1605 3053 1755 3115 quaerentiin
1764 3053 1895 3116 Mytilenen

1112 3137 1239 3186 commoda
1251 3137 1332 3188 omnia
1344 3137 1496 3202 contingant,
1511 3141 1536 3189 et
1548 3139 1713 3190 iactationem
1725 3141 1895 3204 novigentinus

1111 3227 1271 3289 opportunam
1278 3223 1500 3288 perveniat.]etego
1507 3224 1592 3276 illodie
1600 3226 1894 3282 anetinamvelrosaoeam

1111 3312 1151 3363 vel
1158 3312 1230 3362 etiam
1237 3325 1267 3361 ex
1276 3311 1337 3362 albis
1345 3311 1414 3362 violis
1420 3313 1555 3362 consertam
1564 3326 1679 3364 coronam
1687 3313 1713 3363 in
1723 3313 1801 3379 capite
1808 3329 1896 3380 gerens

1112 3399 1196 3450 dnum
1208 3399 1364 3466 Pteleaticnm
1374 3413 1405 3450 eu
1413 3401 1505 3450 cratere
1513 3399 1624 3450 muriam

1112 3486 1144 3537 ad
1151 3487 1231 3550 imem
1244 3487 1375 3550 recubans,
1383 3489 1408 3538 et
1417 3487 1484 3538 labes
1495 3487 1580 3552 aliquis
1591 3489 1617 3538 in
1629 3489 1683 3553 igne
1694 3491 1807 3553 torrebit;

1113 3578 1137 3626 et
1145 3577 1247 3626 stratum
1255 3577 1301 3626 erit
1314 3577 1464 3626 exstructum
1478 3589 1555 3640 usque
1567 3576 1599 3626 ad
1611 3577 1722 3628 cubitum

1112 3675 1202 3726 conyna
1214 3665 1239 3713 et
1251 3663 1379 3727 asphodelo
1389 3665 1413 3713 et
1426 3663 1524 3714 llexiMli
1536 3664 1600 3727 apio.

1112 3753 1186 3815 atque
1198 3751 1279 3801 bibam
1292 3751 1397 3802 suaviter
1409 3763 1502 3800 memor
1515 3752 1654 3816 ageanactis

1112 3839 1169 3902 ipsis
1181 3839 1341 3890 calicibusvel
1350 3837 1382 3888 ad
1391 3839 1461 3890 laces
1469 3853 1547 3902 usque
1555 3839 1647 3891 labium
1660 3840 1768 3905 infigens.

1112 3929 1165 3978 tum
1174 3926 1238 3978 tibiis
1247 3926 1379 3976 cantabunt
1385 3926 1445 3976 naild
1458 3926 1506 3977 duo
1515 3931 1637 3991 pastores,
1647 3929 1708 3980 alter
1718 3930 1892 3995 scarnensis,

1112 4014 1173 4064 alter
1185 4013 1325 4077 synoplum
1335 4013 1464 4077 etTityrus
1478 4027 1510 4064 ex
1518 4014 1653 4078 propinquo
1662 4016 1768 4080 accinet,

1112 4106 1141 4153 ut
1148 4102 1208 4154 olim
1217 4102 1283 4153 iliam
1293 4105 1399 4152 xeneam
1408 4101 1525 4153 amaverit
1538 4103 1644 4168 Daphnis
1655 4102 1783 4166 bubulcus,

1113 4192 1187 4254 utque
1196 4191 1302 4240 montem
1316 4190 1429 4240 lucraret
1441 4191 1466 4240 et
1475 4192 1503 4239 ut
1511 4203 1615 4252 quercus
1623 4205 1679 4242 eum
1692 4191 1813 4256 lugerent,

1112 4291 1168 4342 quie
1178 4276 1387 4340 nascunturjmta
1399 4277 1462 4341 ripas
1473 4277 1576 4328 lllmerae
1589 4277 1669 4343 invii,

1113 4380 1189 4431 quum
1201 4365 1242 4417 ille
1250 4365 1317 4416 velut
1325 4365 1368 4416 nix
1378 4365 1566 4429 contabescebat
1576 4366 1601 4416 in
1614 4366 1663 4417 late
1671 4363 1809 4430 patentibus
1820 4368 1895 4422 relli-

1112 4452 1300 4517 bnsllaami1vel
1313 4453 1376 4503 Atlio
1385 4453 1424 4502 vel
1435 4451 1562 4516 Rhodopes
1571 4453 1610 4503 vel
1619 4453 1718 4504 caucasi
1727 4455 1835 4506 extremi.

1112 4541 1279 4605 cantabitqne,
1288 4543 1316 4591 ut
1324 4541 1383 4591 olim
1393 4538 1514 4604 exceperit
1524 4542 1643 4604 pastorem
1656 4542 1800 4605 amplaarca

1113 4628 1197 4679 vivum
1208 4629 1272 4678 mala
1283 4627 1418 4678 temeritate
1428 4627 1489 4692 viri,

1113 4719 1188 4780 utque
1200 4715 1335 4767 sumsimus
1347 4714 1450 4766 aluerint
1463 4729 1496 4766 ex
1503 4714 1580 4780 pratis
1587 4711 1727 4768 advolantes

1112 4800 1212 4856 cedrum
1224 4804 1256 4855 ad
1266 4802 1365 4854 odoram
1374 4817 1447 4854 succo
1461 4803 1571 4854 mollium
1583 4805 1670 4855 ilerum
1679 4817 1748 4868 apes,

1113 4893 1208 4958 quodsi
1218 4891 1289 4943 dulce
1298 4893 1380 4942 nectar
1390 4893 1458 4942 Musa
1471 4891 1495 4942 in
1509 4905 1536 4942 os
1545 4892 1679 4943 deluderet.

1113 4981 1206 5031 obeate
1215 4982 1328 5042 comata,
1341 4982 1368 5030 tu
1378 4979 1492 5030 nindrum
1502 4981 1555 5030 hmo
1564 4979 1673 5042 jucunda
1682 4981 1797 5043 expertus
1809 4992 1849 5044 os,

1113 5071 1138 5120 et
1146 5071 1174 5118 tu
1184 5068 1289 5119 induam
1298 5067 1369 5132 luisti,
1376 5067 1400 5118 in
1411 5068 1507 5132 arsami,
1516 5070 1541 5118 ot
1552 5070 1580 5118 tu
1587 5081 1659 5131 apum

1113 5156 1173 5207 isvis
1181 5158 1262 5220 pastus
1269 5167 1311 5218 per
1323 5168 1413 5204 annum
1422 5155 1541 5218 integrum
1553 5155 1671 5219 pertulisti
1682 5149 1751 5206 illum
1759 5153 1875 5207 laborem,

1113 5241 1206 5294 utinam
1215 5243 1240 5292 iu
1253 5253 1306 5292 mea
1320 5241 1407 5292 vicinia
1418 5241 1443 5294 in
1456 5243 1518 5294 vivis
1524 5245 1665 5294 numeratus
1674 5255 1736 5294 esses
1743 5279 1752 5306 ,
