4022 6084
821 427 1026 488 PRAEFATlO
1690 439 1722 482 xt

102 575 212 618 torum
228 558 427 616 Romanorum
443 571 572 634 tempora
593 559 748 618 allusiones
771 558 860 618 rebus
883 579 900 616 a
944 559 1026 617 Geta.
1053 561 1160 617 Contra
1179 577 1239 616 non
1258 574 1363 614 vereor
1383 575 1419 612 ne
1440 559 1504 633 quis
1529 556 1604 616 illud
1624 558 1725 640 πάτρης

103 663 202 728 poeta
213 648 379 706 memoratis
397 647 555 719 contineri,
567 668 632 725 quae
647 646 814 706 observatio
830 651 899 706 satis
945 643 1137 724 προῦχονταςῆ
1155 648 1182 704 lu
1198 644 1318 722 dalpcmu
1339 642 1459 722 ἀρίστους
1472 643 1559 703 nobis
1579 659 1724 724 tamquam

103 757 190 816 vaga
204 755 294 812 quum
311 736 457 793 anemine
477 737 545 793 dum
570 756 621 814 per
643 737 759 812 singula
776 749 850 794 esset
872 749 900 792 et
946 733 1114 810 reipublicae
1138 734 1323 810 magistratus
1341 736 1529 810 oppositurus
1554 734 1608 806 sit,
1635 756 1723 813 quum

105 825 280 883 accuratius
303 836 440 894 tractata,
461 842 514 881 suo
526 823 594 900 jure
610 824 811 900 Bernhardyus
829 843 899 901 pro-
947 824 990 882 uis
1002 843 1061 881 non
1076 823 1196 882 difficile
1208 824 1247 882 sit
1258 826 1378 880 inventu
1393 842 1457 898 quae
1471 841 1592 882 munera
1606 824 1725 902 publica

106 913 252 970 nuntiare
266 911 375 990 potuit,
391 909 465 970 nihil
479 913 565 982 certi,
580 931 616 970 ex
629 932 688 988 quo
698 911 754 972 hoc
768 911 814 969 vel
826 909 899 968 illud
946 913 1031 970 etiam
1048 913 1255 989 imperatorum
1270 908 1450 989 temporibus
1459 909 1561 970 relicta
1572 911 1726 988 designen-

106 1000 256 1058 saeculum
267 998 461 1070 divinaretur,
480 1001 519 1057 iis
530 996 723 1057 allusionibus
744 999 898 1056 contineri.
946 1013 993 1058 tur
1005 1012 1055 1058 ant
1067 1000 1216 1078 potuerint
1228 997 1386 1074 designari.

108 1089 158 1146 Eo
178 1086 319 1160 audacior
331 1087 423 1161 igitur
437 1085 487 1144 sed
500 1087 618 1162 gravior
630 1087 686 1144 erit
700 1099 837 1156 conatus,
853 1105 899 1142 cu·
986 1089 1065 1148 lnter
1082 1089 1266 1164 magistratus
1280 1087 1485 1165 imperatorios
1501 1088 1607 1166 saepius
1615 1111 1727 1166 procu-

103 1173 161 1252 jus
176 1173 341 1253 periculum
355 1174 402 1232 vel
415 1175 446 1232 in
461 1175 548 1232 tantis
563 1157 706 1233 librorum
721 1186 749 1232 et
763 1167 901 1250 temporis
946 1191 1066 1234 ratonem
1077 1178 1139 1235 sive
1150 1178 1328 1234 rationalium
1343 1175 1452 1232 mentio
1468 1174 1650 1252 injicitur-
1664 1181 1725 1238 vid.

108 1261 261 1336 angustiis
272 1260 441 1320 evitandum
454 1260 542 1319 nobis
556 1281 615 1319 non
626 1275 775 1340 putamus,
790 1261 816 1318 si
829 1260 902 1318 forte
947 1265 973 1322 ll
984 1310 991 1335 ‚
1009 1265 1062 1322 153
1074 1285 1137 1342 sq.;
1150 1274 1206 1336 ²47
1218 1283 1281 1340 sqq.
1292 1286 1300 1335 3
1317 1261 1376 1334 lll,
1392 1264 1446 1320 188
1458 1283 1502 1340 sq.
1513 1285 1521 1336 ;
1538 1265 1594 1338 317
1608 1286 1664 1344 sq.;
1674 1267 1724 1338 Vl,

108 1370 150 1406 ex
163 1347 403 1426 rebus,quarum
412 1350 522 1407 mentio
535 1351 567 1406 fit
578 1350 610 1406 in
619 1349 666 1407 his
677 1349 775 1420 libris,
789 1362 901 1425 tempus
948 1353 1003 1410 360
1018 1388 1071 1424 -,
1095 1371 1168 1429 qnos
1193 1363 1304 1409 constat
1329 1351 1449 1409 maximi
1472 1355 1611 1412 momenti
1640 1356 1728 1415 fuisse

108 1457 175 1514 quo
200 1436 307 1494 suerint
329 1438 505 1517 conscripti,
526 1437 626 1517 paullo
643 1439 805 1496 accuratius
824 1456 900 1494 euu-
947 1460 1079 1520 saepeque
1102 1439 1139 1497 ab
1159 1439 1223 1517 ejus
1246 1439 1386 1516 temporis
1407 1440 1600 1517 scriptoribus
1619 1445 1698 1519 tangi
1721 1468 1727 1502 :

110 1526 206 1594 oleari
218 1525 322 1608 possit.
946 1529 1007 1585 vid.
1022 1528 1129 1586 llistor.
1143 1528 1217 1602 Aug.
1231 1526 1349 1604 Scriptt.
1366 1526 1474 1585 Anton.
1489 1526 1560 1585 Pius
1572 1529 1601 1585 6.
1616 1529 1682 1591 Alb.
1697 1553 1725 1589 2.

154 1619 198 1675 Ac
212 1615 340 1696 primum
356 1614 491 1692 quidem,
509 1615 535 1672 si
546 1615 614 1692 quis
627 1634 739 1698 morum
753 1627 838 1690 atquc
855 1631 900 1670 re·
947 1613 1082 1672 Diadum.
1100 1623 1129 1682 4.
1145 1613 1245 1690 Neque
1263 1612 1371 1670 oblitus
1391 1625 1449 1689 est,
1470 1613 1522 1690 qui
1540 1613 1583 1672 ib.
1603 1615 1692 1676 lllacr.
1712 1640 1727 1692 7

109 1725 200 1778 rum,
217 1706 317 1783 quales
330 1717 413 1762 erant
424 1702 501 1781 apud
517 1703 662 1761 llomanos
674 1703 729 1762 sub
743 1704 902 1780 imperato·
944 1717 1136 1778 procuratores
1144 1709 1265 1778 private
1275 1709 1316 1757 rer·
1327 1701 1520 1779 appellantur,
1535 1701 1576 1777 ll,
1590 1705 1663 1777 3¹43
1678 1707 1727 1777 vt,

110 1793 214 1867 ribus,
234 1812 355 1868 gnarus,
371 1792 436 1850 sine
457 1790 518 1848 ulla
531 1789 672 1865 opinione
688 1803 831 1867 praecepta
847 1787 901 1846 hos
949 1791 1005 1847 358
1020 1811 1064 1869 sq.
1078 1789 1186 1867 Tetigit
1197 1789 1254 1847 hoc
1267 1807 1357 1864 genus
1376 1787 1479 1851 Manil.
1491 1787 1527 1862 V,
1550 1791 1675 1864 357-63.
1690 1827 1731 1840 -

111 1880 210 1938 libros
220 1879 391 1957 perlegerit,
404 1879 564 1936 sexcenties
574 1877 729 1948 Martialis,
738 1877 901 1945 luvenalis,
947 1879 1022 1936 Tum
1033 1880 1156 1954 insignis
1168 1890 1212 1936 est
1224 1877 1307 1934 locus
1322 1874 1382 1948 lll,
1396 1877 1433 1944 64
1445 1895 1509 1953 sqq.
1522 1878 1559 1937 de
1570 1878 1731 1942 honorifica

111 1967 224 2039 Plinii,
236 1967 328 2024 Taciti
345 1967 527 2042 aliorumque
537 1965 704 2023 memoriam
720 1965 836 2034 recolet,
850 1964 901 2041 qui
948 1967 996 2024 sed
1009 1964 1515 2044 periculosapraefectorumproetorr‘o
1526 1966 1676 2042 dignitate.
1691 2005 1729 2016 -

113 2075 149 2112 ea
163 2068 296 2132 tempora
305 2054 384 2112 viris
393 2053 543 2111 coloribus
553 2052 756 2128 depinxerunt.
771 2052 900 2126 Longum
950 2053 1039 2111 Etiam
1054 2054 1202 2134 peculiare
1216 2052 1306 2123 illud,
1322 2050 1402 2129 quod
1417 2051 1555 2113 Tiberius
1570 2055 1731 2118 instituisse

113 2157 159 2202 est
173 2155 203 2201 et
216 2143 253 2200 ab
266 2141 397 2218 angustis
409 2139 500 2219 hujus
514 2140 693 2218 praeiationis
707 2139 816 2196 linibus
830 2140 901 2196 alie·
948 2139 1067 2212 dicitur,
1080 2141 1206 2216 officium
1215 2161 1235 2196 a
1247 2137 1499 2219 uoluptutcnlsuet.
1512 2140 1580 2200 Tib.
1593 2144 1646 2221 4²)
1654 2188 1663 2216 ,
1678 2145 1733 2204 lor·

115 2250 203 2301 num,
217 2250 269 2310 per
287 2230 386 2288 omnia
400 2229 568 2306 singulatim
584 2227 658 2285 hanc
678 2246 739 2284 rem
754 2226 900 2304 persequi.
949 2243 1022 2288 tasse
1041 2228 1100 2301 lll,
1123 2231 1160 2289 38
1178 2241 1368 2286 memoratum
1390 2227 1535 2301 videatur,
1557 2231 1614 2290 nisi
1634 2237 1732 2312 potius

114 2318 195 2388 Quid
207 2318 286 2396 quod
300 2317 424 2392 singulis
438 2312 751 2373 Pseudo-Manethonis
762 2312 833 2368 locis
843 2313 902 2367 sin·
949 2318 1129 2394 intelligendi
1142 2331 1210 2376 suut
1222 2320 1353 2374 ditissimi
1367 2319 1502 2389 editores,
1515 2338 1568 2395 per
1581 2340 1655 2397 quos
1669 2323 1733 2381 sine

116 2407 186 2480 gula
210 2404 382 2483 amplissimi
396 2403 510 2482 operis,
534 2421 593 2480 quo
614 2401 799 2477 antiquitates
820 2397 902 2455 illius
949 2403 1040 2462 dubio
1059 2425 1117 2463 non
1141 2405 1221 2464 solus
1240 2403 1407 2461 Antoninus
1424 2403 1615 2484 philosophus
1634 2413 1734 2468 absens

117 2497 258 2573 temporis
275 2493 412 2551 Romanae
425 2493 650 2570 explicarentur,
667 2489 761 2567 capita
774 2499 838 2565 apte
857 2487 903 2543 in·
945 2496 1042 2567 populi
1048 2496 1167 2550 liemaro·
1174 2495 1333 2568 vohrptates
1341 2497 1434 2548 curari
1443 2495 1733 2573 uehementerprceee·

117 2586 247 2666 scribere
267 2593 380 2663 possest
404 2581 532 2641 Gravius
553 2579 640 2638 etiam
660 2591 704 2636 est
722 2577 904 2655 propiusque
946 2586 1004 2654 pit,
1016 2579 1076 2637 vid.
1084 2579 1285 2658 Capitoldnt.
1295 2577 1375 2636 Phil.
1385 2579 1432 2638 23.
1444 2578 1573 2656 Pertinet
1582 2582 1731 2644 hucetiam

117 2673 230 2732 accedit
244 2673 281 2730 ad
290 2672 496 2750 questionem,
511 2669 542 2727 in
552 2666 759 2744 quasolvenda
769 2665 903 2741 occupati
948 2667 1106 2723 bellicorum
1117 2670 1219 2724 duem
1229 2666 1353 2738 mentio,
1368 2667 1405 2725 de
1415 2665 1523 2743 quibus
1532 2688 1623 2728 unum
1636 2675 1730 2732 locum

119 2780 233 2837 sumus,
246 2758 338 2836 illud,
348 2756 428 2835 quod
438 2757 469 2815 in
485 2756 554 2814 totis
566 2754 613 2813 his
628 2752 819 2814 tribus'libris
831 2752 902 2809 nihil
949 2752 990 2826 ll,
1003 2756 1059 2813 215
1073 2775 1117 2833 sq.
1133 2756 1236 2814 citasse
1246 2755 1315 2814 satis
1325 2767 1396 2813 esto.
1406 2756 1500 2814 -Ad
1507 2757 1617 2817 aulicos
1625 2779 1734 2840 purpu-

119 2847 281 2922 invenitur,
296 2845 376 2922 quod
389 2845 450 2902 ulla
463 2845 511 2902 vel
526 2855 637 2901 remota
652 2841 765 2900 ratione
779 2843 815 2898 ad
829 2861 904 2896 rem-
950 2854 1027 2901 ratos
1042 2855 1071 2901 et
1085 2843 1219 2902 homines
1233 2843 1442 2920 imperatorum
1462 2844 1666 2917 gratiar'rrfulis
1684 2868 1732 2906 sa-

117 2938 260 3012 publicum
281 2931 403 3010 ejusque
417 2931 465 2990 vel
487 2943 616 2989 extremm
630 2944 763 3006 tempora
784 2930 830 2984 vel
850 2926 905 2984 sub
949 2931 1144 2989 serdotalibus
1157 2945 1268 2988 ornatos
1290 2929 1360 3005 (cir.
1384 2927 1439 2988 AEl.
1462 2929 1558 3008 Spart.
1585 2931 1675 2994 lladr.
1694 2937 1731 3016 6)

120 3021 225 3102 primis
239 3019 468 3100 imperatoribus
482 3019 617 3077 durantia
626 3018 747 3092 vestigia
760 3015 906 3094 pertinere
950 3019 1076 3094 pertinet
1084 3037 1187 3077 versus
1199 3018 1251 3095 qui
1263 3016 1310 3076 bis
1322 3017 1438 3093 legitur,
1452 3016 1497 3088 ll,
1510 3019 1658 3096 2343111,
1671 3023 1707 3097 37
1724 3047 1730 3082 :

120 3111 266 3182 videatur,
282 3109 360 3186 quod
375 3121 476 3167 contra
496 3108 596 3166 omnia
609 3107 645 3165 ad
669 3106 699 3164 id
716 3118 828 3181 tempus
843 3103 905 3160 ani·
950 3115 1043 3183 κοσμεῖ
1056 3106 1102 3165 καὶ
1121 3106 1228 3185 μίτρῃσι
1242 3105 1365 3164 ululatui
1378 3127 1406 3162 rr
1426 3105 1617 3187 πορφυρέοισιν.

124 3220 201 3258 mum
213 3211 328 3270 vocant,
337 3218 396 3276 quo
406 3197 522 3255 infinita
532 3195 759 3254 utriushominis
773 3193 905 3249 domina·
990 3194 1066 3254 Tum
1081 3195 1151 3254 satis
1170 3206 1297 3268 constat,
1316 3205 1425 3272 quanto
1438 3193 1549 3253 bonore
1568 3208 1599 3256 et
1610 3203 1732 3276 praemio

123 3291 163 3346 tio
181 3307 282 3345 omnes
296 3298 324 3345 et
338 3305 384 3344 res
398 3284 534 3361 publicas
545 3297 574 3342 et
585 3301 681 3342 mores
693 3282 822 3360 privatos
840 3297 905 3356 per·
951 3285 1139 3364 imperatores
1153 3283 1302 3342 affecerint
1315 3285 1448 3339 bonarum
1459 3289 1560 3340 ortium
1569 3289 1695 3346 doctores
1704 3304 1734 3349 et

122 3389 235 3435 vaserat
243 3389 272 3434 et
280 3376 417 3435 tinxerat.
428 3372 483 3445 lta,
495 3375 615 3451 sipoeta
623 3375 713 3428 Plinii
725 3366 906 3448 temporibus
946 3373 1129 3450 professores,
1147 3370 1230 3449 cujus
1242 3371 1286 3429 rei
1299 3371 1367 3428 nolo
1382 3371 1593 3448 amplissimum
1607 3377 1658 3435 sed
1672 3377 1731 3437 lor·

123 3466 294 3542 scripsisset,
303 3463 356 3519 vix
365 3461 468 3519 dubito
476 3461 548 3536 quin
558 3479 663 3518 novem
675 3457 830 3536 capitibus,
842 3480 906 3536 quae
952 3473 1026 3518 tasse
1034 3459 1123 3518 nimis
1130 3471 1272 3517 recentem
1282 3469 1380 3515 testem
1391 3457 1480 3515 citare
1487 3461 1659 3520 Ausonium.
1667 3464 1733 3524 Sut-

124 3551 290 3628 singulatim
301 3551 389 3607 tertio
400 3547 478 3607 libro
488 3549 625 3626 exponit,
638 3546 784 3604 decimum
797 3547 832 3605 de
844 3569 905 3604 ma·
952 3545 1069 3608 licithic
1080 3559 1210 3622 notasse,
1221 3545 1400 3604 Antoninum
1413 3546 1498 3604 Pium
1511 3547 1596 3629 [teste
1607 3549 1731 3630 Capitol.

123 3643 280 3716 gtsrrottbus
287 3651 316 3696 et
325 3637 445 3715 publicis
455 3635 612 3694 muneribus
626 3635 779 3693 additurus
788 3634 905 3707 fuisset,
952 3658 978 3695 c.
995 3658 1027 3694 rr
1038 3638 1046 3714 l
1057 3663 1069 3688 ι
1080 3637 1250 3695 rhetoribus
1259 3647 1288 3692 et
1298 3635 1480 3713 philosophis
1491 3656 1545 3714 per
1554 3657 1654 3698 omnes
1666 3661 1733 3719 pro-

125 3729 231 3808 quibus
244 3761 284 3771 -
299 3744 474 3803 quamquam
489 3723 601 3783 umbrae
616 3735 726 3781 tantum
747 3735 830 3780 erant
846 3725 907 3801 pri·
951 3726 1062 3783 vincias
1073 3724 1236 3782 ethonores
1247 3734 1276 3781 et
1287 3721 1394 3780 salaria
1407 3722 1561 3796 detulisse,
1577 3752 1590 3779 ι
1602 3739 1631 3784 et
1644 3728 1733 3786 Anto·

125 3819 262 3876 stinamm
271 3827 445 3894 potestatum
456 3842 487 3852 -
499 3813 577 3870 baud
585 3831 686 3890 parum
697 3811 836 3886 gloriatos
846 3831 908 3870 esse
953 3815 1055 3872 ninum
1065 3811 1287 3891 philosophum,
1304 3823 1374 3868 teste
1387 3811 1487 3870 eodem
1503 3833 1528 3873 c.
1545 3814 1562 3869 3
1569 3857 1578 3886 ,
1593 3839 1606 3866 ι
1623 3825 1733 3874 tautum

127 3906 200 3964 illius
220 3903 311 3962 aetatis
324 3902 459 3960 homines
473 3921 510 3960 ex
531 3900 611 3958 illius
634 3899 766 3978 epistolis
786 3901 906 3972 scimus;
953 3902 1093 3962 honorem
1102 3901 1250 3977 magistris
1259 3901 1320 3958 suis
1330 3900 1483 3974 detulisse,
1496 3915 1527 3960 ut
1536 3902 1676 3978 imagines
1686 3924 1734 3962 eo·

127 4003 312 4050 memorasset
325 4002 411 4068 poeta
423 3991 501 4047 inter
519 3987 666 4045 beneficia
680 3987 837 4045 celestium
852 4008 902 4065 po
953 4012 1017 4049 rum
1032 4010 1133 4050 aureas
1143 3988 1290 4049 iularario
1305 3987 1439 4066 baberet,
1450 4009 1483 4048 ac
1493 3991 1624 4068 sepulcra
1633 4011 1734 4051 eorum

127 4080 223 4140 situris
236 4077 363 4136 indicata
377 4079 463 4135 etiam
478 4096 556 4134 aurae
568 4073 736 4154 popularis,
752 4088 821 4133 tunc
835 4093 903 4134 nou·
953 4082 1049 4151 aditu,
1060 4079 1181 4152 hostiis,
1193 4076 1332 4148 floribus,
1342 4096 1456 4156 semper
1464 4078 1636 4152 bonoraret;
1651 4107 1663 4132 a
1680 4083 1737 4140 suf·

128 4171 193 4228 dum
203 4187 326 4245 prorsus
341 4168 502 4237 exstinctae,
518 4166 656 4240 gratiam,
673 4176 758 4240 atque
776 4183 907 4239 magnam
954 4171 1015 4228 licit
1036 4167 1199 4238 addidisse,
1214 4166 1251 4224 de
1272 4185 1450 4243 unoquoque
1466 4166 1524 4224 sere
1544 4167 1734 4244 imperatore,

128 4271 288 4318 senatorum
306 4259 515 4316 auctoritatem.
534 4255 576 4315 De
593 4253 637 4310 his
659 4255 784 4332 aliisque
804 4253 908 4330 rebus,
953 4257 1005 4334 qui
1016 4255 1137 4314 omnino
1149 4255 1301 4329 magistros
1316 4252 1434 4324 habuit,
1450 4253 1502 4327 qui
1514 4253 1559 4312 illi
1575 4254 1681 4315 sierint
1691 4257 1735 4314 di·

129 4369 189 4426 quae
197 4348 234 4406 ad
242 4347 371 4425 primurn
383 4347 592 4422 imperatorum
604 4345 740 4401 saeculum
751 4343 907 4420 pertinent,
954 4347 1076 4423 ligenter
1090 4364 1108 4402 a
1124 4341 1318 4420 scriptoribus
1337 4341 1481 4398 memoriae
1502 4341 1639 4400 traditum
1661 4363 1733 4402 esse.

131 4439 199 4497 nihil
212 4455 333 4516 prorsus
346 4435 529 4493 invenimus.
954 4434 1019 4492 lam
1033 4432 1093 4508 lll,
1110 4431 1167 4490 325
1182 4450 1244 4507 sq.;
1258 4427 1313 4496 Vl,
1333 4428 1461 4500 350-563
1478 4431 1552 4505 3943
1567 4432 1625 4502 478
1639 4451 1683 4509 sq.
1701 4453 1736 4490 eo

165 4527 272 4585 Contra
285 4545 381 4599 regum
398 4541 558 4600 eorumque
578 4527 728 4578 erutorum
744 4539 857 4598 semper
870 4523 911 4579 ita
955 4523 1059 4580 melius
1073 4519 1228 4595 intelligas.
1240 4517 1338 4593 Neque
1350 4516 1451 4574 Manil.
1461 4516 1509 4589 lll,
1525 4519 1690 4594 189—202
1701 4521 1736 4577 de

132 4615 194 4674 lacit
207 4626 236 4672 et
247 4612 352 4671 iisdem
367 4609 553 4670 similibusve
564 4606 664 4667 verbis
679 4609 854 4666 mentionem
871 4643 910 4654 -
954 4608 998 4666 his
1012 4627 1131 4667 monere
1141 4607 1249 4666 omisit.
1672 4625 1673 4632 ¹

130 4703 187 4762 rid.
202 4699 242 4776 ll,
259 4701 311 4759 151
328 4719 389 4778 sq.;
406 4701 463 4757 216
477 4719 521 4775 sq.
532 4721 540 4770 3
553 4699 628 4770 223,
642 4704 698 4764 adl,
710 4716 773 4773 sq.;
789 4696 846 4752 350
857 4717 909 4774 sq.;
965 4706 970 4717 “
994 4696 1070 4755 Tum
1077 4698 1166 4776 plane
1173 4694 1370 4752 Romanorum
1382 4693 1470 4750 vitam
1482 4692 1593 4754 redolet
1602 4696 1736 4773 frequens

131 4791 254 4867 lll,17;
274 4789 327 4861 353
347 4795 402 4854 nal.
419 4807 481 4864 sq.;
501 4787 558 4843 236
580 4805 641 4862 sq.;
659 4788 715 4861 296
736 4805 780 4860 sq.
799 4819 856 4857 -,
880 4800 911 4845 ut
950 4793 1171 4864 jurt'rpedtorum
1188 4787 1330 4856 litiumque
1344 4781 1503 4853 forensium
1528 4803 1736 4844 commemora·

131 4895 257 4957 tempora
273 4887 499 4935 commonstrent
511 4887 540 4932 et
551 4872 669 4932 adsueta
677 4873 737 4950 jam
753 4873 798 4930 illi
812 4893 909 4931 rerum
955 4875 996 4932 tio
1013 4875 1094 4950 (vid.
1118 4873 1161 4944 ll,
1179 4871 1234 4942 257
1249 4889 1329 4948 sqq.;
1346 4871 1403 4945 296
1421 4889 1503 4947 sqq.;
1519 4871 1580 4944 lll,
1594 4875 1650 4930 213
1673 4893 1735 4948 sq.;

131 4969 232 5043 statui,
247 4985 306 5045 quo
324 4965 361 5024 ab
372 4967 461 5026 tutius
474 4977 548 5022 nutu
562 4964 691 5042 potentia
704 4977 733 5021 et
746 4962 870 5020 honores
884 4977 911 5020 et
957 4964 1030 5034 2683
1043 4959 1122 5041 341),
1136 4977 1195 5039 qua
1203 4971 1297 5017 tamen
1305 4959 1403 5036 potius
1414 4958 1451 5016 de
1462 4959 1549 5018 rebus
1560 4962 1695 5039 privatis,
1707 4975 1738 5019 ut

131 5057 234 5115 divitie
250 5054 393 5134 pendent,
416 5066 444 5112 et
457 5051 565 5129 quibus
583 5053 732 5130 principes
745 5053 777 5108 in
794 5053 910 5128 imperii
956 5050 1029 5108 illud
1045 5053 1169 5129 γραπτῶν
1184 5046 1270 5105 draus
1282 5047 1399 5117 indicat,
1415 5049 1627 5121 accusationes,
1651 5067 1737 5125 quam

132 5144 305 5202 consortium
317 5143 389 5200 alios
406 5151 578 5210 evexerunt,
598 5158 723 5217 quornm
737 5143 833 5217 prima
845 5152 913 5195 sunt
933 5148 935 5195 1
958 5140 1007 5196 illa
1021 5139 1157 5215 capitalia
1172 5135 1302 5215 pericula
1327 5137 1496 5214 reipublicae
1511 5136 1692 5213 temporibus
1707 5137 1737 5193 iu

133 5247 156 5291 et
169 5231 331 5290 illustriora
340 5230 472 5308 exempla
487 5228 592 5286 Lucius
605 5226 697 5286 Verus
708 5239 736 5284 et
747 5226 912 5284 Antoninus
933 5212 936 5258 ¹
959 5227 1021 5286 loro
1028 5227 1135 5306 jactata
1145 5226 1298 5284 satisclare
1307 5225 1480 5283 innuuntur.
1491 5225 1581 5282 Etiam
1594 5223 1691 5282 lllauil.
1701 5223 1736 5293 V,
