4022 6050
328 476 381 548 ιιι]
586 545 593 556 ,
944 427 969 496 ·’
1017 420 1235 532 rubraue.

327 623 509 722 κηδεμονῆες
520 625 625 724 apud
647 625 802 697 eundem
822 641 858 698 et
874 627 1080 728 Quintum).
1097 632 1147 699 Ex
1159 611 1322 698 secunda
1344 637 1470 696 notum
1481 632 1611 718 ηνιοχῆὰ
1622 625 1729 722 Cyn,
1742 626 1920 720 θηροφονῆα

325 770 413 862 Cyn.
433 770 468 851 1,
483 762 567 855 538,
585 775 732 848 ὠοτοκῆις
753 764 828 835 Ilal.
850 768 885 852 Ι,
907 762 989 861 750.
1006 769 1050 836 Et
1065 764 1194 837 eodem
1214 763 1414 836 reserentur
1432 789 1474 834 es
1491 762 1652 856 analogia
1670 787 1816 859 usuque
1835 788 1918 860 prae

326 903 468 976 valente
488 903 665 1000 ἰχθοὸολῆες
680 909 767 1001 Cyn.
787 908 814 991 1,
831 907 876 1000 74
894 904 999 999 (Nic,
1012 902 1211 998 Callim.)et
1228 908 1408 1002 αἱγονομῆις
1429 902 1505 974 Ilal.
1528 907 1587 991 tv,
1607 903 1678 976 313
1699 901 1825 1000 (uie).
1846 907 1918 974 De·

326 1045 438 1142 nique
456 1060 607 1143 πομπῆες,
626 1045 726 1144 quod
744 1047 819 1141 jum
838 1068 948 1141 supra
969 1059 1220 1118 memoratum.
1245 1045 1388 1141 Vulgari
1415 1044 1539 1116 sormae
1564 1042 1824 1115 declinationis
1843 1045 1918 1140 pri·
1985 1035 1986 1040 ¹

328 1201 393 1248 mae
410 1177 510 1274 quod
520 1174 679 1271 adjaceat
689 1175 732 1276 'hi
746 1173 890 1246 nullum
905 1171 1042 1247 hahent
1060 1201 1069 1245 ι
1088 1189 1125 1246 et
1138 1177 1352 1248 suntminus
1368 1176 1493 1264 multa,
1511 1199 1733 1274 quamquam
1748 1175 1917 1272 priscum

325 1332 508 1390 auctorem
532 1316 700 1390 habentia
719 1314 822 1388 illum
838 1307 1021 1413 Ᾱντιφατῆιι
1038 1336 1048 1385 :
1070 1319 1219 1389 Nonnus
1250 1319 1286 1389 in
1318 1316 1440 1413 amplo
1464 1317 1623 1389 carmine
1647 1313 1722 1386 duo
1746 1314 1916 1402 exhibet,

326 1460 410 1531 item
426 1461 585 1557 propria,
605 1453 796 1554 Δηριαδηος,
819 1471 863 1545 ῆι,
890 1470 943 1546 aa,
958 1481 1042 1528 cum
1057 1459 1301 1530 nominativus
1323 1457 1458 1554 ubique
1475 1459 1523 1528 sit
1538 1452 1690 1554 Δηριηίδης
1709 1455 1917 1552 (formasex

326 1601 448 1698 regula
459 1599 568 1672 lactas
580 1600 669 1670 item
680 1621 808 1669 omnes
818 1595 942 1687 habet,
954 1593 1120 1694 Δηριάδαο,
1132 1629 1165 1696 η,
1175 1628 1224 1688 ην,
1239 1628 1257 1676 η
1277 1603 1389 1695 vota),
1401 1612 1436 1670 et
1452 1605 1578 1695 Βορῆος,
1592 1609 1637 1684 at,
1648 1611 1690 1676 ῆα
1704 1598 1834 1694 (brat.)
1851 1596 1913 1692 (¹).

325 1741 396 1814 Sed
408 1739 455 1813 ad
471 1738 548 1812 haec
561 1738 684 1824 delati,
703 1760 916 1834 moneamus
937 1736 1047 1808 verbo
1069 1719 1179 1834 atque
1197 1761 1385 1808 caveamus
1403 1737 1448 1809 de
1465 1735 1632 1807 abnormi
1657 1737 1775 1808 sorma
1792 1742 1917 1820 ἑνηῆες,
1986 1751 1987 1768 l

324 1907 406 1979 quae
426 1880 556 1976 legitur
577 1885 667 1976 Cyn.
688 1884 740 1964 ΙΙ,
773 1879 832 1976 89,
851 1885 921 1950 ὅττι
949 1882 1057 1980 βροτοὶ
1084 1868 1289 1959 duleum,
1310 1885 1411 1961 ἑνηῆις
1439 1883 1612 1974 ἀνέχονται.
1649 1880 1727 1948 Hoc
1752 1891 1855 1948 esset
1874 1892 1915 1947 ut

325 2017 465 2100 δνοαηων
486 2020 545 2118 (cf.
565 2045 645 2118 quae
669 2043 784 2116 nuper
801 2020 1037 2115 cognovimus
1056 2023 1338 2116 ταχῆος,τεμένηος
1357 2020 1477 2117 Epinr.
1510 2023 1552 2088 H.
1580 2017 1677 2113 342).
1715 2023 1759 2088 At
1785 2042 1916 2088 versus

325 2162 396 2235 hoc
414 2161 526 2234 modo
544 2163 679 2262 integer
698 2185 774 2232 non
801 2175 855 2233 est
880 2175 1030 2259 propter
1060 2160 1275 2259 productam
1297 2161 1462 2239 ultimam
1490 2161 1527 2231 in
1545 2165 1658 2240 ἐνηῆες.
1679 2156 1913 2230 Vocabulum

323 2303 441 2399 ipsum
466 2324 686 2398 quamquam
712 2300 749 2371 in
770 2298 933 2397 plurimis
963 2315 1176 2397 corruptum
1199 2301 1312 2373 lertur
1333 2304 1370 2373 in
1391 2301 1504 2380 νεηνίαι
1518 2307 1689 2379 eternitas,
1709 2323 1840 2370 verum
1861 2301 1912 2369 vi·

323 2434 439 2524 detur,
454 2434 568 2506 forma
579 2449 711 2522 autem,
726 2456 834 2530 quam
843 2430 1092 2530 quodvidcam
1101 2433 1222 2505 uetino
1236 2431 1282 2506 de
1295 2433 1395 2506 Ballu
1411 2431 1653 2518 debemus‚eo
1663 2431 1787 2502 minus
1801 2446 1914 2518 certa,

323 2601 408 2648 cum
428 2574 594 2672 plerique
614 2577 819 2670 ιίσανέχονται
841 2572 1039 2671 praebeant,
1063 2600 1138 2672 quo
1157 2575 1240 2651 ferri
1257 2575 1410 2649 videaris
1435 2574 1482 2648 ad
1496 2580 1567 2646 ὅττι
1587 2576 1693 2669 βροτοὶ
1711 2567 1913 2661 rhemum,

321 2697 416 2790 ἐνηέος
435 2705 486 2790 οὖς
503 2709 673 2802 ἀνέχονται.

321 2885 323 2890 ·
369 2845 448 2917 Hal.
468 2833 602 2934 11,α6ἠ
622 2845 765 2940 vulgata
780 2860 856 2916 etat
872 2845 979 2918 lectio
998 2852 1152 2926 ἄσπασίην
1172 2853 1221 2921 ἐπὶ
1233 2852 1325 2944 θήρην
1338 2837 1461 2920 Eccum
1477 2850 1627 2944 γηθοσύνη
1649 2843 1703 2914 t'el
1725 2847 1911 2940 γηθοσύνηῐ

323 2985 544 3077 Bruuckius,
575 2987 634 3058 cui
662 2985 926 3083 obtemperavit
960 2989 1218 3078 Schneiderus‚
1249 3013 1294 3060 ex
1331 2994 1408 3059 Par.
1445 3012 1454 3057 ι
1488 2985 1630 3057 induxit
1658 2988 1825 3079 γηθομένη.
1846 2987 1913 3054 lle·

321 3115 516 3216 prehendit
539 3117 674 3188 factum
692 3121 828 3214 Peyron
848 3143 883 3216 p.
912 3145 977 3217 79,
992 3123 1094 3219 jure,
1130 3137 1171 3192 ut
1202 3118 1372 3209 videtur,
1399 3117 1462 3198 sed
1485 3118 1638 3190 infirmis
1665 3118 1913 3210 argumentis,

320 3249 456 3350 quippe
487 3274 534 3328 ue
567 3274 609 3322 ex
638 3247 710 3322 hoc
746 3248 897 3347 quidem
921 3254 1096 3351 scriptore
1125 3223 1254 3350 petitis.
1288 3252 1406 3323 Utitur
1438 3248 1723 3321 Ilalieuticorum
1751 3247 1912 3344 scriptor

358 3569 390 3647 (*)
412 3566 498 3627 Thes.
510 3579 669 3626 «constans
685 3567 764 3646 apud
775 3568 874 3648 epicos
890 3568 1032 3646 scriptura
1045 3581 1090 3627 est
1102 3565 1194 3649 βορέης
1209 3595 1230 3628 ν.
1243 3573 1315 3646 Cyn.
1328 3573 1377 3643 tv,
1396 3579 1445 3642 74,
1459 3568 1597 3628 scribitur
1609 3571 1636 3638 ἐς
1645 3569 1673 3630 δὲ
1687 3571 1785 3652 Baphri.
1799 3576 1909 3635 -Sed

318 3685 419 3733 caetera
439 3674 536 3732 Nouoi
556 3673 737 3751 stringemus.
753 3675 883 3734 Primum
901 3673 1030 3734 notabile
1043 3674 1174 3756 Βριαρῆος
1187 3678 1337 3747 XXXIX,
1357 3693 1412 3752 ²9¹
1424 3695 1433 3746 ;
1445 3679 1561 3746 XLIII,
1579 3677 1648 3735 361.
1663 3681 1690 3734 Δ
1707 3677 1910 3755 Callimacho,

318 3780 382 3840 Del
398 3781 462 3851 ιβ.
479 3784 546 3840 Νοιι
560 3779 680 3839 dubium
695 3779 765 3858 quin
783 3781 814 3840 in
828 3780 957 3860 proprIis
970 3793 1000 3840 et
1014 3780 1166 3860 gentilieiis
1184 3781 1251 3859 plus
1269 3779 1413 3841 libertatis
1431 3778 1603 3855 habuerint,
1617 3802 1682 3861 quae
1699 3783 1748 3842 vix
1762 3784 1795 3843 iu
1813 3801 1912 3847 certas

318 3888 422 3948 classes
441 3884 566 3947 describi
589 3897 738 3964 poterunt.
751 3886 840 3966 Apud
859 3890 997 3946 Nounum
1011 3905 1047 3944 ex
1068 3885 1126 3944 hoe
1144 3905 1251 3964 genere
1272 3898 1379 3964 praeter
1387 3905 1422 3945 ea
1441 3906 1507 3965 qure
1519 3886 1609 3946 modo
1624 3888 1709 3948 attuli
1724 3909 1820 3968 eaque
1841 3913 1911 3970 quae

318 4013 406 4072 supra
419 4003 611 4052 occurrerunt
623 3992 789 4072 (Γηρυονῆος
806 4004 836 4051 et
851 3979 985 4064 Αἱθιοηῆιι
996 4035 1005 4065 ,
1017 3989 1092 4071 elur)
1107 4004 1174 4051 sunt
1188 3990 1342 4065 Αὐσονιήων
1358 3993 1489 4072 (Dion),
1508 3994 1667 4077 Αἰγοκερῆος
1682 3996 1778 4074 (quod
1799 4012 1909 4078 praeter

317 4101 389 4160 ulios
402 4104 507 4160 Aratus
519 4096 608 4157 habet
620 4118 674 4177 per
687 4117 787 4157 omnes
800 4117 900 4173 rastis,
917 4110 947 4157 at
964 4097 1176 4158 nominatirum
1189 4096 1337 4180 Αἰγόκερας
1357 4097 1436 4157 idem
1450 4100 1525 4173 286,
1540 4099 1635 4180 5477,
1646 4099 1792 4181 Ὑδροχοῆι
1807 4103 1819 4184 (
1825 4111 1909 4164 Aret.

319 4207 386 4279 388,
397 4205 475 4264 idem
486 4202 601 4286 -χόοιο
616 4216 646 4264 et
658 4201 788 4284 -χόον,
804 4222 882 4263 ιιοιιι.
894 4201 955 4284 χόος
969 4203 1048 4282 547).
1069 4203 1126 4264 Sed
1139 4203 1198 4266 hoc
1212 4204 1349 4264 transitus
1363 4205 1395 4263 tit
1412 4204 1449 4264 ad
1464 4225 1514 4283 ea,
1535 4225 1601 4284 qum
1620 4205 1753 4266 ordinem
1775 4209 1907 4284 iaciunt,

317 4311 475 4390 composita
486 4329 553 4370 cum
568 4309 664 4370 verbis
676 4321 710 4369 ut
723 4309 833 4369 vocalis
846 4308 885 4368 sit
897 4331 927 4384 ο,
943 4309 1052 4388 partim
1066 4328 1193 4387 quorum
1211 4308 1353 4388 simplicia
1365 4322 1433 4369 suut
1448 4309 1479 4369 in
1497 4309 1557 4385 ιύς,
1578 4311 1685 4392 partim
1703 4333 1831 4391 qnorum
1845 4337 1907 4378 nou

317 4427 384 4474 suut
396 4435 405 4474 t
418 4434 454 4475 ex
472 4414 519 4473 his
532 4414 610 4494 apud
622 4417 761 4474 Nonarum
774 4425 843 4472 sunt
852 4413 1017 4495 παιδοφονῆα
1035 4413 1177 4493 (Quian),
1191 4414 1316 4492 ἡνιοχῆος
1329 4425 1408 4487 cett,
1422 4411 1582 4492 ἰχθυόολῆος
1595 4414 1627 4472 in
1638 4413 1780 4493 Parapbr.
1799 4421 1835 4476 In
1844 4439 1906 4496 quo

315 4541 421 4599 genere
437 4541 497 4601 quo
516 4519 588 4600 quid
607 4519 699 4598 magis
717 4540 736 4579 ιι
751 4517 931 4580 substantiva
951 4518 1162 4598 significatione
1175 4517 1303 4578 alienum
1323 4531 1377 4594 est,
1386 4538 1422 4578 eo
1441 4517 1512 4578 mibi
1533 4519 1707 4579 insolentius
1729 4521 1837 4582 accidit
1855 4529 1868 4595 (
1874 4537 1906 4582 ut

315 4624 454 4707 ὦμοὸορῆῖ
466 4624 607 4688 Nicandri
619 4625 709 4686 Ther.
723 4627 782 4703 739
791 4638 821 4685 et
833 4625 1020 4707 ἀριστοπονῆες
1031 4624 1218 4685 Manethonis
1227 4629 1277 4696 IV,
1291 4625 1364 4703 διο,
1371 4624 1542 4685 insolentius
1556 4639 1714 4705 utrumque
1725 4647 1815 4706 quam
1825 4630 1905 4690 νἰοτο-

316 4736 379 4808 xiie<
391 4756 427 4795 eo
441 4753 585 4809 connexu,
597 4755 657 4814 quo
670 4734 702 4793 in
720 4733 784 4794 flat
798 4733 908 4792 dietum
921 4731 983 4812 est).
1007 4736 1105 4794 Unum
1120 4752 1180 4790 nnn
1197 4731 1393 4810 compositum
1413 4732 1502 4812 (certe
1516 4732 1594 4792 aliud
1608 4753 1686 4792 nunc
1697 4755 1764 4794 nou
1774 4737 1903 4815 tuentius]

315 4844 449 4920 πομπῆος.
467 4841 561 4902 Porro
574 4840 604 4900 in
614 4863 652 4900 ων
667 4838 768 4920 (proult
785 4840 909 4899 recurrit
920 4839 999 4918 apud
1014 4843 1149 4900 Nomium
1165 4857 1277 4914 eorum,
1290 4858 1413 4916 quorum
1431 4858 1520 4918 supra
1535 4839 1644 4898 mentio
1659 4838 1782 4917 injecta,
1797 4845 1901 4920 ἡγεμο-

316 5052 420 5114 habeo.
427 5055 563 5112 Attamen
577 5063 775 5133 perruperunt
786 5051 842 5111 hos
852 5052 1001 5125 terminos,
1015 5051 1058 5110 uti
1067 5050 1127 5130 jum
1138 5050 1176 5109 ab
1190 5051 1282 5122 initia,
1297 5049 1347 5110 ubi
1360 5049 1398 5110 de
1412 5049 1586 5110 sonnatione
1596 5051 1627 5108 iu
1637 5047 1679 5118 έος
1688 5051 1810 5127 dictum,
1822 5053 1901 5112 iudi·

315 5160 444 5219 cavimus
458 5178 468 5220 ι
482 5179 559 5218 nuuc
577 5158 665 5218 trium
679 5157 863 5218 admonebo:
877 5157 1006 5239 πρισὸῆες
1022 5157 1143 5217 Hesiodi
1160 5161 1250 5230 scut,
1268 5158 1415 5238 ὀρταλιχῆιι
1428 5169 1458 5215 et
1471 5157 1558 5236 ὶχιῆις
1571 5157 1710 5236 Nicandri
1733 5159 1818 5218 Alex.
1831 5159 1898 5226 aab,

315 5265 403 5326 Ther.
418 5267 484 5324 133.
494 5269 569 5325 Nam
581 5263 667 5344 ῐχιιύς
682 5263 778 5336 fnisse,
789 5263 952 5342 significans
964 5263 1085 5344 ἰχίδνιον,
1098 5266 1160 5324 sine
1171 5277 1247 5324 rerta
1261 5283 1346 5322 cansa
1360 5275 1487 5324 sumtum
1503 5261 1628 5322 videtur.
