3992 6078
501 407 666 470 sanvlhll
687 407 936 471 DAMOCRATIS
957 409 1047 482 011AE
1067 409 1299 472 SUPERSUNT.
1642 417 1694 472 tal

155 546 308 627 Τριωῦόλου
319 546 347 604 τδ
365 549 477 620 πλῆθος,
491 547 508 616 ἢ
522 553 606 629 μικρῷ
619 549 709 628 πλέον,

158 635 205 694 Ἐν
221 633 291 714 τρισί
303 636 406 701 κυάθοις
418 636 485 712 [τοῦ]
498 637 632 714 κράματος
642 637 818 716 κεκραμένου,

155 721 236 782 Oinoa
255 723 278 779 δ’
291 722 343 780 ἀπὸ
354 721 458 801 μύρτων
471 723 516 779 καὶ
526 721 618 790 ύδατος
631 730 675 783 τοῦ
691 725 849 801 παγολύτου.

154 811 216 876 Τοῖς
230 809 283 869 ἀπὸ
295 813 394 890 νεφρῶν
407 811 535 889 οὐροῦσιν,
550 810 566 879 ἢ
579 816 625 882 τῆς
637 812 750 876 κύστεως

102 918 141 954 aas
154 897 233 956 Δῖδου
245 897 324 954 πλέον
335 920 364 954 τε
379 897 518 977 φαρμάκου
532 899 701 976 κεκραμένου.

157 985 221 1044 Ἀπὸ
235 984 350 1056 νήστεως
360 1009 388 1042 τε
399 985 574 1063 καταφέρουσι
584 986 629 1044 καί
640 987 718 1045 κόλου

157 1076 270 1131 demde
278 1097 308 1131 τε
320 1073 425 1131 πάντων
439 1073 546 1149 ἐντέρων
560 1077 606 1144 τῆς
616 1073 637 1132 θ’
652 1073 761 1150 ὑστέρας

157 1165 214 1222 Τοῦ
225 1161 365 1242 φαρμάκου
377 1161 448 1220 δίδου
464 1160 510 1237 μὲν
523 1167 557 1227 ὡς
569 1161 691 1240 δραχμὴν
705 1161 781 1236 μίαν·

155 1251 195 1307 Δι’
210 1246 302 1315 ύδατος
317 1248 426 1327 όμύρίου
440 1247 467 1306 δέ
477 1257 529 1314 τοῖς
539 1251 722 1328 πυρουμένοις·

103 1355 143 1394 aso
157 1335 221 1401 Ἰὀῖς
235 1339 392 1415 δπυρετοῦσι
405 1337 432 1394 δὲ
447 1336 492 1394 καὶ
504 1336 547 1394 iri
561 1336 694 1414 κράματος
708 1335 791 1406 δίδου,

154 1421 234 1482 Ἠτοι
245 1424 268 1480 δ’
283 1424 334 1482 οῖπδ
349 1423 463 1503 μύρτων,
476 1423 493 1494 ἢ
506 1422 614 1502 γλυκέος
625 1429 669 1482 τοῦ
685 1427 827 1502 Κρητικοῦ.

160 1598 191 1656 Ei
203 1594 232 1654 δέ
247 1619 285 1662 τις
296 1595 365 1676 ἔχειν
380 1595 499 1675 βούλοιτο
509 1596 546 1672 μὴ
558 1595 758 1673 πολυμίγματον

158 1683 310 1756 Ἀντίδοτον,
322 1683 381 1742 ἀλλ’
389 1683 503 1764 ἔχουσαν
515 1684 590 1762 ὀλίγα
603 1684 736 1761 μίγματα,

156 1771 266 1842 Ταύτην
280 1771 393 1851 ἀκριὸῶς
405 1773 611 1850 [συ]σκευόσας,
627 1771 677 1840 ἕξει
685 1771 768 1841 καλὴν

105 1879 143 1918 ars
158 1858 230 1938 Πρὸς
241 1857 298 1924 τοὺς
310 1859 415 1925 ἀτόνους
423 1861 573 1938 στομάχους
584 1883 612 1918 τε
624 1861 669 1917 καί
682 1857 857 1938 ἀνωρέκτους,

157 1945 212 2006 Καὶ
227 1945 287 2013 τοὺς
297 1948 442 2024 καχέκτας,
456 1947 515 2014 τούς
526 1951 550 2004 τ’
562 1951 741 2013 άπεπτοῦντας
755 1944 839 2024 ταχὺ,

157 2034 229 2112 Πρὸς
240 2042 292 2090 πᾶν
307 2033 330 2092 θ’
343 2035 431 2102 ἁπλῶς
439 2035 546 2112 όλγημα
558 2035 645 2115 κυρίου
656 2034 737 2092 τόπου

156 2120 367 2200 Κεχρονισμένον
380 2143 408 2179 τε
423 2123 468 2179 καὶ
477 2122 642 2191 κατασκευὴν
658 2122 728 2200 ἔχον.

156 2208 249 2288 Ταύτῃ
259 2208 379 2288 Τιόίριον
389 2207 433 2266 τδν
445 2207 579 2268 Σεόαστὸν
593 2207 728 2287 χρώμενον

107 2315 144 2354 aaa
157 2296 297 2374 Λέγουσιν,
311 2295 394 2365 άλλην
408 2295 446 2372 μὴ
461 2293 611 2353 πεπωκέναι
624 2293 697 2352 ποτέ.

154 2381 233 2462 Ἔχει
245 2382 272 2442 δέ
287 2382 396 2459 μέλανος
411 2382 544 2460 πεπέρεως
553 2381 626 2439 πέντ’
640 2382 760 2459 ούγγίας,

158 2471 387 2550 Κροκομάγματος
398 2469 603 2541 πεντεκαίδεκα,
614 2469 659 2527 καί
672 2471 752 2550 ῥόδων
765 2467 838 2527 δέκα.

154 2556 312 2634 Σεσησμίνα
323 2562 406 2615 ταῦτα
418 2556 505 2616 πάντα
518 2555 601 2632 μέλεά
613 2554 794 2630 ἀναλάμὸανε.

155 2729 237 2802 Ἄλλη
249 2735 360 2790 ποιοῦσα
372 2727 456 2788 ταῦτα
470 2727 750 2809 τῇπρογεγραμμένῃ·

106 2839 143 2890 aas
156 2817 237 2898 Ἔχει
251 2817 279 2876 δέ
291 2818 372 2900 ῥόδων
386 2817 434 2896 μὲν
442 2817 548 2895 ούγγίας
560 2817 597 2883 δὶς
610 2815 748 2895 τέσσαρας.

158 2902 320 2981 Κεκομμένα
330 2909 413 2963 ταῦτα
428 2905 515 2962 πάντα
528 2903 573 2962 καῖ
584 2901 733 2980 σεσησμένα

157 2990 334 3069 Ἄναλάμόαν’
348 2995 417 3072 ipa}
429 2991 516 3070 μέλιτι
528 2994 566 3071 τῷ
576 2991 634 3048 λίαν
649 2994 733 3072 καλῷ.

158 3079 238 3138 Δίδου
253 3081 322 3159 [τοῦ]
337 3079 435 3160 καρύου
447 3080 480 3138 τὸ
496 3078 603 3159 μέγεθος
613 3084 659 3138 τοῦ
675 3081 802 3140 Ποντικοῦ

157 3171 224 3227 Μετ’
236 3167 408 3246 οἰνομέλιτος,
423 3167 440 3238 ἢ
456 3167 615 3248 μελικράτου
625 3167 776 3248 προσφάτου

110 3275 149 3313 aaa
162 3254 316 3336 Ἡψημένου
329 3257 415 3320 καλῶς
426 3279 454 3313 τε
468 3254 512 3312 καί
528 3254 735 3335 ἀπηφρισμένου.

156 3345 216 3410 Τοῖς
229 3341 418 3423 θηριοδείκτοις,
431 3345 449 3414 ἢ
461 3341 495 3400 τά
509 3341 654 3421 δηλητήρια

162 3429 304 3489 Πεπωκόσι
311 3430 470 3508 προσένεγκε
480 3429 579 3508 καρύου
594 3429 624 3487 τδ
632 3428 738 3507 μέγεθος

160 3522 214 3580 Τοῦ
230 3521 367 3600 βασιλικοῦ
377 3521 434 3596 μεθ’
444 3515 510 3576 imi
522 3517 624 3576 κυάθων
638 3517 781 3596 κρίματος.

412 3713 572 3740 mom·-

370 3852 497 3900 rosidos
515 3853 624 3900 ΣΚΕΥΗ.

159 3985 242 4046 utris
252 3987 276 4044 δ’
289 3988 418 4063 ἐπιμελῶς
429 3987 469 4045 δεῖ
480 4011 509 4045 σε
523 3984 746 4066 προδιασκευάσαι
802 3988 811 4005 δ

111 4095 147 4132 aas
161 4073 253 4140 θύτως
267 4073 395 4154 ἆκριόῶς·
410 4075 471 4154 ῥόδα
488 4073 633 4151 λαμῦοίνων
645 4072 678 4131 τδι
692 4074 844 4154 πρόσφατα,

160 4163 198 4221 Th
211 4162 308 4243 φύλλον
321 4165 406 4220 αὐτῶν
417 4165 443 4221 έν
459 4171 543 4230 σκιαῖς
552 4163 630 4240 ψύξον
642 4162 714 4221 δυσὶν

149 4248 182 4310 Ἦ
196 4251 267 4330 τρισί
281 4251 312 4309 τὸ
326 4253 446 4309 πλεῖστον
455 4251 573 4330 ἡμέραις,
587 4250 670 4322 σίσας
681 4273 708 4308 τε
718 4257 785 4329 τρεῖς

161 4339 256 4420 λίτρας
271 4339 320 4396 ἀπ’
330 4339 415 4395 αὐτῶν
429 4339 613 4414 δλμοκόπησον
624 4339 778 4416 συμμέτρως

161 4426 270 4506 Σχοίνου
282 4449 312 4484 τε
325 4423 446 4504 δραχμάς
459 4423 553 4483 εῖκοσιν
569 4416 597 4483 εῦ
614 4424 788 4500 κεκομμένης,

113 4533 149 4571 aro
162 4513 284 4593 Σμύρνης
295 4513 423 4582 δεκάδυο,
435 4511 480 4569 καί
491 4511 585 4592 κρόκου
599 4511 637 4577 δίς
649 4511 776 4590 τέσσαρας

163 4601 365 4680 Προσέμπασον,
381 4600 425 4658 καὶ
437 4599 519 4658 κόπτε
531 4598 608 4658 πάνθ’
621 4603 685 4671 ὁμοῦ
701 4598 792 4656 πάλιν·

140 4723 145 4736 ·
162 4689 248 4746 Ποιίιῖν
256 4687 410 4753 κυκλίσκους
425 4689 570 4763 εύμεγεθεῖς
582 4685 661 4767 ψύξον
673 4688 774 4762 καλῶς,

162 4773 238 4834 θύσω
252 4776 274 4834 θ’
290 4774 349 4833 ὅσον
362 4775 400 4832 δεῖ
414 4775 530 4850 λάμῦαν’
544 4777 579 4840 εἷς
591 4773 620 4832 τὸ
635 4773 784 4854 φάρμακον.

429 5003 568 5026 *w

922 548 992 606 Quod
1002 551 1083 599 ternos
1091 549 1174 599 obolos
1184 549 1285 612 pendet,
1294 553 1337 599 aut
1350 551 1421 612 paulo
1432 551 1543 612 amplius,

923 639 960 684 Ex
971 637 1045 686 ternis
1055 637 1145 700 cyathis
1154 637 1203 686 nini
1215 639 1279 699 quod
1289 640 1454 699 contemperas

927 727 1047 785 huryrteo
1059 727 1115 774 rino
1126 728 1150 774 et
1163 725 1262 786 glaciem
1274 725 1381 774 solvente
1389 737 1459 786 aqua.

923 811 968 860 sed
978 811 1019 872 qui
1032 812 1158 861 remittunt
1168 826 1199 860 ενι
1210 812 1289 862 vesica
1300 815 1343 861 aut
1354 812 1463 873 renibus,

923 899 997 960 blagis
1007 899 1142 948 antidotum
1153 901 1181 948 iis
1194 901 1353 961 temperatum
1361 901 1462 962 porrige.

924 987 947 1034 Si
955 999 1011 1034 vero
1019 988 1113 1048 sanguis
1122 986 1224 1048 ejejuno
1237 987 1274 1036 ael
1286 987 1352 1046 colo,

925 1077 972 1122 Arri
979 1087 1008 1122 ex
1021 1079 1099 1135 utero,
1109 1077 1152 1123 aut
1161 1089 1191 1123 en
1201 1075 1317 1124 intestinis
1328 1076 1453 1134 tenuibus.

924 1161 1003 1221 Fiunt,
1015 1161 1139 1210 denarium
1148 1161 1399 1223 dabismedicamiuis3

924 1247 1013 1303 erodsi
1024 1248 1088 1297 lehre
1096 1249 1239 1310 affligantur.
1247 1262 1261 1298 e
1270 1249 1359 1298 coelesti
1372 1262 1448 1312 aqaa3

924 1337 947 1383 Si
960 1349 1007 1383 non
1020 1335 1162 1396 febricitant,
1172 1335 1249 1384 diluto
1260 1337 1314 1384 rino
1323 1337 1390 1386 dahis

925 1422 969 1470 Vel
981 1427 1082 1483 myrteo,
1093 1423 1132 1472 vel
1141 1423 1213 1472 etiarn
1223 1422 1288 1471 dulci
1298 1425 1402 1475 cretico.

928 1604 1066 1654 Antidotum
1078 1605 1098 1654 si
1107 1605 1161 1666 quis
1171 1618 1218 1654 non
1228 1608 1362 1655 comtanse
1373 1606 1493 1668 pluribus,

926 1691 971 1740 sed
982 1692 1089 1754 pauculis
1099 1693 1297 1743 medicaminibus
1304 1694 1393 1743 hahere
1402 1695 1466 1754 nult,

926 1782 975 1828 llac
986 1783 1128 1841 praeparata,
1138 1784 1221 1830 exacte
1230 1783 1315 1831 sentiet
1324 1781 1411 1830 honam

925 1867 1053 1915 stomacho
1062 1867 1166 1928 infirmo,
1177 1867 1214 1916 vel
1223 1869 1242 1917 si
1252 1869 1333 1917 cibum
1343 1881 1392 1918 non
1402 1871 1527 1932 appetant,

926 1953 1072 2014 Habitulqne
1082 1954 1146 2002 malo
1155 1957 1197 2003 aut
1206 1955 1284 2003 escam
1294 1956 1314 2004 si
1323 1967 1387 2017 saepe
1394 1969 1443 2004 non
1453 1958 1567 2018 coquant,

925 2039 988 2098 Quid
997 2040 1090 2089 multat
1099 2040 1119 2090 si
1128 2041 1221 2090 dolores
1231 2041 1361 2104 principem
1372 2043 1452 2091 locum

925 2127 998 2188 Longi
1011 2130 1100 2177 renent
1108 2129 1181 2191 etqui
1190 2128 1281 2177 radices
1289 2129 1394 2178 fixerint.

926 2217 976 2263 ilas
986 2227 1056 2262 usum
1066 2215 1186 2264 Tiberium
1195 2216 1362 2278 imperatorem
1373 2217 1452 2266 terunt

926 2301 1038 2350 antidoto
1047 2305 1141 2363 potasse
1149 2303 1220 2351 aliam
1230 2303 1296 2352 nullo
1306 2305 1421 2365 tempore.

926 2389 1030 2438 Assumit
1041 2390 1127 2451 piperis
1137 2390 1197 2451 nigri
1209 2390 1294 2451 quinas
1303 2391 1394 2451 uncias,

926 2477 1128 2538 crocomagmatis
1136 2479 1221 2539 quinas
1231 2478 1324 2540 decom,
1332 2491 1394 2528 rosea
1402 2478 1494 2528 decern.

927 2569 983 2614 llaec
992 2565 1073 2614 omnia
1080 2564 1158 2614 cribro
1169 2565 1256 2626 injecta
1264 2566 1335 2616 malls
1347 2567 1471 2616 assumito.

926 2738 977 2787 lilia
986 2737 1106 2787 antidotus
1115 2738 1178 2788 idem
1189 2739 1254 2802 qnod
1264 2739 1377 2800 praedicta
1387 2739 1488 2799 laciens;

928 2826 1000 2874 llahet
1009 2839 1118 2875 rosamm
1127 2827 1244 2890 quattuor
1251 2827 1289 2876 his
1295 2828 1386 2877 uncias

928 2917 985 2964 Haec
992 2915 1143 2964 comminuta
1151 2917 1238 2964 cancta
1245 2917 1270 2964 et
1280 2915 1371 2964 increta
1379 2915 1459 2963 cribro

928 3005 1004 3051 cocto
1016 3002 1088 3052 melle
1097 3003 1249 3065 excipiuntur
1261 3001 1466 3064 prestantissima

927 3088 961 3137 nd
972 3088 1160 3150 magnitudinem
1170 3091 1228 3136 tunc
1240 3088 1346 3138 Ponticae
1355 3089 1423 3138 nanis

927 3179 962 3224 Da
972 3188 1027 3224 cum
1038 3175 1115 3224 mulso
1124 3176 1162 3224 rel
1174 3188 1229 3223 com
1240 3175 1329 3224 recenti
1341 3175 1419 3224 mulsa
1426 3189 1498 3237 aqua,

927 3268 1006 3322 Quam
1019 3263 1111 3312 coxeris
1122 3263 1167 3312 rite
1179 3265 1204 3311 et
1217 3261 1367 3325 despumaris
1375 3262 1444 3312 benc.

930 3355 983 3400 Post
992 3363 1099 3400 morsum
1111 3350 1179 3412 tere,
1186 3350 1255 3399 autsi
1265 3363 1384 3400 venenum
1395 3349 1570 3412 absorpserint‚

928 3438 964 3487 ad
976 3437 1163 3499 magnitudinem
1174 3437 1202 3486 tu
1212 3437 1283 3498 regim
1294 3437 1362 3486 nucis

929 3528 991 3574 (turn
1001 3528 1092 3587 septem
1105 3523 1197 3587 mathia
1207 3523 1257 3573 nini
1266 3523 1336 3573 diluatl
1343 3524 1440 3574 exldhe.

1243 3699 1404 3724 -0000—

1072 3872 1213 3916 ansatur
1233 3871 1363 3914 nossem
1383 3869 1561 3914 conracrlo.

929 4017 1029 4074 Oportet
1036 4014 1119 4063 sedulo
1129 4014 1195 4063 hum
1208 4015 1338 4064 coniecisse
1347 4015 1414 4077 prins

928 4104 980 4150 iioc
991 4105 1075 4165 pacto:
1086 4102 1192 4151 collectis
1204 4103 1344 4152 recentibus·
1351 4102 1426 4162 rosis,

928 4189 993 4239 Folia
1003 4190 1087 4238 harum
1096 4189 1213 4238 inumbra
1223 4191 1317 4238 exsicca
1326 4203 1368 4252 per
1379 4189 1429 4238 diss
1440 4187 1500 4236 dnos

928 4277 973 4325 l'el
983 4281 1031 4326 tres
1039 4277 1070 4326 ad
1082 4278 1222 4340 plurimum,
1230 4291 1260 4326 cn
1272 4277 1308 4326 his
1317 4277 1511 4326 cribrataslibras

929 4367 987 4412 Tres
998 4363 1045 4424 pila
1056 4363 1130 4412 tunde
1138 4367 1164 4413 at
1171 4376 1228 4412 cura
1237 4377 1267 4411 ne
1277 4363 1365 4411 tundas
1375 4362 1460 4421 nimls;

928 4452 998 4500 dranci
1008 4451 1102 4500 contusi
1115 4451 1159 4499 rite
1168 4450 1294 4499 drachmas
1303 4449 1339 4498 his
1348 4449 1439 4508 decern,

929 4539 1033 4601 blyrrlroe
1044 4539 1180 4599 duodecim,
1195 4539 1259 4586 croci
1269 4537 1304 4586 bis
1313 4537 1427 4598 quattuor

931 4632 1042 4690 insperge
1054 4630 1079 4675 et
1090 4639 1172 4673 rursus
1184 4638 1231 4672 una
1241 4621 1362 4674 contunde
1376 4621 1465 4670 omnia.

931 4716 1039 4764 l’astillos
1051 4715 1113 4775 tinge
1125 4711 1283 4774 praegrandes,
1298 4709 1361 4758 sicca
1370 4708 1445 4767 hene;

931 4802 1019 4852 lleinde
1029 4803 1146 4863 quantum
1158 4801 1253 4862 oportet
1261 4810 1329 4846 sanae
1338 4795 1362 4844 iu
1372 4793 1536 4858 pharmacum.

1257 5004 1398 5026 om·-
