3978 6044
324 511 339 552 n
745 495 841 554 uum
865 493 997 552 ενικοι
1021 489 1109 550 uun
1133 487 1237 549 zoen
1264 485 1485 548 uroruron.
1770 485 1909 566 (ηε-ιιι

505 627 593 685 uum
616 625 890 685 estrumentum.

305 773 356 817 {uno
369 753 446 816 ιθοισῖ
457 751 487 814 τδ
499 753 582 814 δειλὸν
592 757 643 814 τῶν
659 753 824 835 μελανούρων
836 751 922 831 γένος,

370 843 433 902 ὅταν
448 839 523 920 μὲνὴ
537 841 656 902 θάλαττα
674 841 813 924 σωφρόνως
827 841 891 922 ἔχῃ,
952 887 959 900 .

371 929 430 998 τοῦς
441 929 596 1012 θηρατικοὺς
609 934 709 1014 εθφυῶς
721 937 814 1013 φεῦγον
829 931 932 1002 δόλους,

369 1021 405 1086 ῶς
417 1021 567 1102 ψυχοκερδῆ
581 1017 626 1078 τὸν
643 1019 719 1099 βυθὸν
734 1019 895 1102 διατρέχειν·

318 1109 349 1186 (s)
367 1106 430 1166 όταν
442 1107 469 1166 δέ
481 1105 582 1188 χειμὼν
599 1110 634 1174 είς
647 1107 677 1166 τδ
690 1112 788 1190 ῥεῖθρον
802 1107 905 1186 ἐμπέσῃ

313 1217 365 1257 utet
374 1195 420 1256 καί
432 1205 485 1265 πᾶς
498 1195 585 1264 dissic
598 1197 712 1278 δυσφορῇ
724 1196 789 1278 πρὸς
802 1197 849 1268 τὴν
861 1195 951 1267 ζάλην,

374 1287 410 1352 ὥς
422 1283 474 1344 ἀπδ
485 1287 580 1364 φελλοῦ
595 1284 642 1353 τὰς
653 1284 712 1368 ῥοάς
725 1283 887 1366 ἀνατρέχειν,

369 1372 415 1432 καί
425 1371 513 1434 πάντα
528 1375 639 1434 δειπνεῖν
653 1379 700 1447 τῆς
717 1380 797 1453 νομῆς
809 1372 984 1456 πεφυρμένης.

637 1525 740 1540 ’.-

545 1617 636 1676 ΠΕΡΙ
659 1617 850 1730 euersor.

373 1755 474 1834 Κύημά
487 1779 527 1827 τι,
542 1755 679 1838 κράτιστε,
694 1755 825 1828 θαλάττης
840 1755 918 1828 ξένον,

372 1844 386 1903 ὃ
400 1843 528 1923 σπογγιάν
541 1847 651 1904 καλοῦσι
665 1846 757 1912 παῖδες
769 1845 907 1903 ναυτίλων.

313 1955 363 1995 roeo
372 1935 431 1995 Οὐκ
445 1933 546 2014 ἄψυχον
559 1935 582 1990 δ’
597 1925 649 2006 οῦν,
665 1934 722 1991 οὐδ’
736 1933 846 2014 ἄμοιρον
859 1931 989 2012 αἵματος,

343 2099 345 2104 Ι
375 2021 457 2098 μανόν
472 2021 516 2094 δέ,
530 2019 576 2080 καί
590 2025 651 2094 ζῶν,
666 2021 711 2080 καί
721 2019 882 2100 πολύτρητον
899 2019 991 2101 τέρας,

325 2111 360 2191 (a)
373 2108 554 2189 ἑπῃλυγασθέν
568 2112 604 2176 εἷς
617 2109 794 2191 καλινδήθραν
807 2109 895 2182 λίθου,

371 2195 437 2275 πρὸς
450 2198 497 2265 τὰς
509 2197 613 2277 ἀγωγὰς
627 2207 748 2278 καρτερεῖ
759 2203 811 2257 τῶν
823 2198 971 2280 ῥευμάτιον.

373 2285 409 2346 Ei
422 2309 472 2344 που
488 2285 516 2344 δὲ
530 2286 674 2366 προσπέσοι
689 2286 714 2344 τὶ
728 2289 780 2344 τῶν
795 2287 939 2364 ἐδωδίμων,

313 2395 364 2435 νισι
371 2377 435 2444 ζῶον
446 2375 471 2431 ri
479 2373 573 2432 λεπτὸν
589 2373 654 2432 ἀλλο
665 2373 749 2454 παρὸν
761 2377 795 2441 ὡς
811 2373 910 2456 φύλαξ,

374 2461 472 2534 ταύτην
483 2463 597 2542 προωθεῖ
606 2461 654 2534 τὴν
670 2463 844 2534 δυσαίσθητον
859 2461 951 2544 φύσιν·

315 2551 360 2630 (ιο)
373 2551 391 2623 ἢ
406 2549 435 2609 τὸ
446 2550 554 2630 προσιὸν
569 2555 659 2630 ἡσυχῆ
675 2551 872 2628 συλλαμόάνει,

373 2637 419 2696 καί
431 2637 552 2720 καθάπερ
570 2638 702 2716 στόμασι,
715 2645 823 2708 πυκνοῖς
836 2643 887 2708 τοῖς
901 2641 991 2720 πόροις

371 2727 483 2804 δειπνεῖ,
500 2729 622 2807 βασιλεῦ,
636 2725 684 2800 τλν
701 2727 780 2808 βοράν
795 2727 956 2808 παραυτίκα.

314 2835 364 2874 loeo
372 2811 460 2874 Ὅταν
475 2812 503 2872 δέ
516 2837 555 2881 τις
570 2813 704 2896 ἄνθρωπος
719 2815 852 2893 ἐκτέμνειν
867 2815 929 2895 θέλῃ

374 2899 405 2959 τὸ
417 2904 467 2969 ζῶν
482 2900 512 2960 τό
526 2901 615 2982 νεκρὸν
626 2907 672 2961 τοῦ
685 2905 849 2970 Ποσειδῶνος
861 2903 949 2976 τέκος,

316 2991 360 3068 (ιο)
373 2981 425 3048 οἶδε
438 2987 490 3071 πρδ
502 2993 586 3070 θυρῶν
598 2991 733 3074 σαμφοράς
746 2992 922 3074 ἀποκρύφους.

372 3078 411 3140 Τὸ
426 3077 474 3156 μέν
487 3077 538 3159 γάρ
551 3077 624 3146 εὐθὺς
638 3085 671 3161 τῇ
688 3083 753 3160 βολῇ
768 3082 947 3164 συνεστράφη,

369 3167 415 3228 καί
426 3165 486 3234 τούς
499 3165 593 3247 πόρους
608 3167 731 3251 ἔσφιγξε,
745 3171 791 3228 καὶ
803 3170 970 3244 κατεστάλη,

314 3261 408 3336 ιαιστῇ
422 3260 469 3329 τῆς
482 3259 605 3330 τελευτῆς
620 3257 736 3338 τετριγδς
747 3257 916 3340 περιστάσει·

373 3345 449 3425 ἀλγεῖ
463 3342 491 3402 δέ
504 3349 604 3427 πικρῶς
618 3350 632 3404 ό
646 3345 760 3428 σφαγεὺς
776 3348 823 3418 τὴν
838 3347 957 3428 καρδίαν,

318 3433 362 3515 (ιο)
376 3431 424 3506 ε”ςος
439 3434 469 3494 τὸ
483 3435 582 3494 λυποῦν
592 3439 638 3507 τῆς
649 3435 734 3507 λαῦῆς
748 3435 903 3518 ἀποσπάσῃ.

634 3600 635 3604 ,
643 3581 763 3602 b-

389 3677 483 3736 uum
507 3676 743 3737 ΔΡΑΚΟΝΤΟΣ
763 3677 999 3748 ΘΑΛΛΣΣΙΟΥ.

373 3831 458 3910 Ἰχθῦς
473 3830 520 3908 μὲν
534 3831 610 3913 ὑγρὸς
623 3837 671 3905 τῆς
685 3833 819 3906 θαλάσσης
833 3840 847 3893 ό
859 3835 979 3918 δράκων·

372 3919 420 3992 τὴν
435 3920 457 3978 δ’
466 3911 510 3980 οῦν
521 3919 649 3998 κεφαλὴν,
664 3921 711 3989 τὰς
723 3921 841 4004 φολίδας,
856 3923 902 3991 τάς
914 3925 1006 4007 γένυς,

317 4031 367 4070 ruso
376 4007 421 4067 καὶ
436 4009 482 4076 τάς
494 4010 607 4089 διαυγεῖς
620 4009 757 4090 ἀστραπάς
774 4017 825 4069 τῶν
840 4013 980 4091 ὀμμάτων,

374 4099 470 4190 ἐκεῖνος
484 4097 559 4165 αὐτὸς
570 4099 626 4158 ἐστὶ
640 4103 687 4170 τῆς
699 4104 747 4178 γῆς
759 4103 772 4158 ὁ
782 4100 894 4181 δράκων.

321 4188 351 4266 (s)
376 4190 417 4246 oo
432 4185 477 4244 καί
488 4185 518 4245 τό
530 4185 635 4266 κέντρον
646 4191 663 4259 ἦ
678 4185 753 4269 φύσις
765 4188 926 4268 φαρμάξασα

375 4275 499 4354 προσιτὸν
510 4275 557 4334 οὔκ
569 4273 662 4344 ἔδειξεν
674 4277 857 4356 ἷχθυοκτόνοις.

636 4435 755 4446 ιιι-ι-

545 4539 638 4599 uteru
661 4542 857 4602 ‹rumnou

378 4686 426 4750 Er<
439 4685 487 4756 τὴν
501 4685 631 4768 ’,Ερυθράν
643 4688 734 4750 ’Eoris
745 4691 818 4771 ἰχθῦς
830 4695 859 4751 οὐ
873 4693 968 4774 μέγας,

317 4792 367 4840 resp
378 4771 512 4853 ἐγχωρίοις
524 4774 640 4857 φύσαλος
653 4779 853 4858 ὠνομασμένος,

374 4861 486 4928 ἀνείδεος
495 4861 542 4940 μὲν
557 4869 603 4937 τῆς
617 4871 732 4950 κεφαλῆς
742 4869 791 4942 ‘ripn
804 4871 912 4944 πλάσιν,

377 4947 445 5028 ἔχων
459 4948 487 5009 δέ
500 4975 558 5010 τινα
573 4953 670 5016 κολπον
684 4959 719 5026 εἰς
729 4957 776 5030 τλν
788 4959 922 5040 γαστέρα,

327 5039 359 5115 (a)
376 5035 529 5118 σμάραγδον
540 5037 572 5097 ἀν
586 5039 653 5100 εἴποι
664 5067 703 5112 τις
716 5048 796 5105 αὐτοῦ
811 5045 858 5120 τὴν
872 5050 964 5129 χρόαν,

377 5129 413 5194 ὡς
428 5125 480 5185 ἀπὸ
493 5131 600 5206 πυγμῆς
613 5131 739 5213 ἀδρανοῦς
751 5136 944 5214 τεθλασμένου·

321 5237 372 5276 imo
380 5219 494 5275 ἐντεῦθεν
510 5219 598 5297 ἀθρεῖ,
612 5221 657 5278 καί
669 5222 796 5282 πλατύνει
807 5225 837 5282 τὸ
855 5225 952 5303 στόμα.

376 5303 478 5386 <iraque
492 5305 540 5386 μίν
553 5297 598 5366 οῦν
609 5332 648 5376 τις
659 5315 760 5388 τοῦτον,
774 5312 847 5378 εὐθὺς
861 5314 974 5392 λρράρη·

1296 631 1333 682 οε
1356 619 1427 699 ps).
1448 619 1501 680 nu
1523 617 1765 682 nunnuums

1136 758 1210 808 Aiunt
1221 757 1333 806 timidum
1344 757 1525 806 melanurorum
1537 769 1629 819 genus,

1135 845 1231 908 quando
1242 859 1309 895 mare
1323 847 1484 908 temperatum
1497 843 1597 892 modum
1610 847 1689 899 tenet,

1136 935 1274 998 piscatorios
1283 933 1353 982 dolos
1364 932 1498 996 prudenter
1510 931 1616 994 fugiens,
1650 989 1654 998 ι

1138 1022 1241 1072 runcum
1252 1035 1389 1085 percurrere
1398 1023 1513 1084 tanquam
1526 1019 1686 1070 vituiucrum
1694 1021 1857 1072 afferentem:

1136 1112 1232 1176 quando
1242 1113 1323 1161 antem
1334 1114 1464 1174 tempestm
1475 1111 1499 1160 io
1510 1111 1601 1160 tinente
1608 1109 1696 1172 ingruit

1136 1205 1161 1250 et
1172 1201 1273 1264 piscator
1284 1199 1364 1250 omnis
1374 1213 1436 1262 aegre
1446 1199 1492 1247 sert
1502 1197 1647 1262 procellam,

1137 1291 1195 1340 iliud
1207 1293 1321 1352 tanquam
1334 1303 1349 1338 a
1360 1288 1446 1339 subere
1461 1300 1558 1338 sursum
1569 1286 1617 1335 tubi
1630 1299 1673 1350 per
1682 1287 1771 1336 tinctos

1138 1388 1162 1432 et
1173 1384 1285 1435 omnibus
1295 1382 1375 1444 vesci,
1386 1382 1481 1445 pascuis
1490 1381 1651 1432 conturbatis.

1327 1625 1363 1674 ou
1387 1614 1458 1694 (re).
1482 1617 1535 1676 DE
1556 1613 1739 1675 suonam.

1139 1767 1221 1815 1·'roms
1231 1765 1344 1828 quidam,
1357 1765 1546 1828 potentissime,
1558 1764 1820 1824 nonsummum,

1139 1867 1212 1916 quern
1224 1855 1349 1916 spongiam
1362 1855 1451 1903 vocant
1467 1857 1595 1903 narrtarum
1605 1853 1657 1903 titii.

1139 1945 1191 1990 Non
1207 1942 1378 2002 inanimatum,
1392 1955 1470 2004 neque
1483 1955 1571 2004 expers
1581 1939 1718 2001 sanguinis,

1139 2029 1181 2078 sed
1194 2043 1281 2091 rarum,
1294 2035 1319 2078 et
1331 2029 1423 2091 nivoni,
1435 2034 1459 2080 et
1472 2029 1554 2078 moitis
1569 2028 1679 2092 partibus
1692 2028 1839 2090 perforatum
1849 2032 1917 2090 proti·

1139 2119 1307 2168 nirsconditum
1316 2119 1341 2168 io
1353 2118 1481 2168 volutabro
1493 2117 1599 2180 lapideo,
1829 2115 1914 2181 [giam

1141 2207 1229 2256 resistit
1241 2207 1364 2267 agitationi
1375 2207 1501 2255 ductuum.

1141 2295 1232 2353 Quodsi
1244 2295 1301 2358 qnid
1313 2295 1374 2344 sorte
1384 2295 1405 2344 ei
1416 2293 1533 2342 otiabatur
1543 2295 1708 2354 resumentem,

1140 2383 1311 2432 animalcuiunr
1324 2383 1388 2432 atiud
1400 2381 1522 2445 quoddam
1534 2387 1620 2442 tenue,
1632 2381 1697 2445 quod
1711 2387 1738 2434 ut
1747 2387 1831 2434 mitis
1843 2380 1917 2442 ardeo²

1141 2475 1201 2520 Ινιιιε
1210 2472 1337 2521 ditiicuiter
1346 2471 1489 2520 sentientem
1499 2475 1609 2520 naturam
1620 2470 1730 2532 impetiit,

1141 2575 1197 2624 qino
1214 2562 1314 2610 attatum
1325 2560 1453 2622 tranquiiie
1466 2559 1668 2622 comprehendit,

1141 2655 1165 2699 et
1177 2656 1293 2712 toriquum
1305 2649 1402 2710 oribus,
1415 2649 1481 2712 poris
1491 2649 1542 2696 suis
1551 2647 1666 2697 confertis

1140 2739 1258 2802 epotatio,
1276 2752 1316 2786 rex
1326 2773 1333 2798 ,
1343 2751 1399 2786 euru
1411 2737 1491 2786 cibum
1503 2739 1595 2786 statim.

1140 2827 1240 2886 eraudu
1250 2829 1329 2886 auteur
1340 2827 1412 2874 iromo
1422 2838 1534 2874 exsecare
1543 2825 1597 2873 vult

1141 2917 1220 2964 sivum
1232 2915 1339 2964 simulet
1351 2919 1472 2963 mortuam
1483 2913 1546 2962 iranc
1555 2912 1661 2976 Neptuni
1674 2912 1782 2976 prorem,

1140 3004 1208 3052 ιιονίι
1217 3004 1267 3053 ilia
1277 3003 1306 3052 od
1317 3005 1399 3066 portas
1410 3015 1464 3052 esse
1472 3001 1605 3065 perniciem
1616 3001 1746 3050 occuitum.

1140 3096 1199 3142 Nam
1213 3091 1294 3140 statim
1306 3091 1337 3140 ad
1350 3091 1426 3140 ictum
1436 3090 1552 3140 misteriis
1562 3089 1723 3140 animalculi
1733 3088 1881 3140 consternor

1140 3186 1244 3243 coporos
1255 3179 1398 3242 constringit
1407 3181 1431 3229 et
1440 3179 1546 3242 recedit,

1140 3269 1243 3318 stridens
1253 3269 1283 3318 od
1294 3268 1378 3318 mortis
1388 3267 1547 3318 intortunium
1559 3281 1567 3316 ι

1141 3359 1182 3409 sed
1193 3359 1286 3408 occisor
1297 3358 1383 3407 uuerbe
1391 3357 1484 3407 laboret
1492 3356 1574 3406 animo

1142 3447 1279 3508 usquedum
1292 3446 1414 3496 dolentem
1426 3450 1521 3509 partem
1533 3447 1596 3508 rupi
1606 3443 1706 3495 affixum
1714 3444 1846 3496 resciderit

1459 3581 1567 3598 n*

1241 3681 1276 3729 οι
1301 3671 1368 3747 μοι
1390 3670 1442 3729 nu
1462 3669 1645 3729 nnneonn
1666 3667 1832 3728 nnnruo.

1140 3846 1214 3896 Piscis
1223 3849 1262 3896 est
1274 3846 1346 3895 maris
1356 3845 1473 3895 tremidus
1485 3845 1578 3895 draeo:

1141 3936 1162 3984 is
1171 3972 1178 3996 ‚
1187 3937 1305 3998 quantum
1317 3934 1443 3997 adcaput,
1455 3933 1487 3983 ud
1498 3946 1629 3997 squamus,
1640 3932 1671 3982 ad
1684 3932 1775 3994 matus,

1140 4028 1164 4073 ct
1180 4023 1210 4072 ud
1223 4022 1341 4086 pettucida
1356 4021 1451 4085 fulguru
1462 4009 1602 4082 oculorum,

1140 4117 1177 4161 est
1186 4112 1226 4161 iiie
1236 4111 1286 4173 ipse
1297 4115 1416 4160 terrestris
1427 4111 1510 4160 draco,
1552 4163 1554 4166 ,

1141 4201 1219 4261 Huius
1230 4198 1350 4263 spiculum
1362 4203 1448 4248 nutum
1459 4212 1553 4249 veneno
1567 4198 1684 4250 iniectum

1141 4291 1292 4340 inaccessum
1302 4287 1406 4338 reddidit
1415 4289 1518 4352 piscium
1529 4289 1686 4340 occisoribus.

1466 4439 1579 4452 ⁶...—

1322 4557 1359 4608 οε
1383 4548 1454 4626 (ιι).
1479 4547 1743 4608 occursuro.

1141 4711 1168 4758 1ο
1182 4709 1263 4760 Rubro
1277 4709 1338 4758 mari
1350 4711 1389 4758 est
1400 4709 1474 4774 piscis
1489 4708 1553 4758 traud
1566 4721 1685 4770 maguus,

1143 4797 1174 4848 ob
1182 4797 1299 4860 indigenis
1309 4798 1429 4861 Pirpsadus
1443 4798 1596 4858 nominatus,

1142 4900 1240 4951 prorsus
1248 4885 1348 4950 quidem
1357 4886 1466 4936 informis
1477 4886 1620 4948 figuratione
1631 4883 1729 4948 capitis,

1142 4975 1184 5027 sed
1197 4977 1277 5028 sinum
1287 4975 1406 5039 quendam
1419 4975 1510 5026 habeus
1523 4975 1676 5024 advenirem

1142 5063 1305 5126 (sururagdrnn
1315 5064 1498 5127 aliquisdixerit
1505 5065 1609 5114 colorem
1619 5061 1683 5126 ejus)

1143 5157 1255 5216 ιιιιιοιιιιιιι
1265 5165 1279 5202 a
1291 5153 1364 5217 pugni
1374 5153 1424 5204 ictu
1435 5152 1499 5202 houd
1509 5152 1589 5202 redde
1602 5152 1712 5218 impressi
1727 5165 1735 5200 τ

1142 5255 1172 5290 ex
1183 5240 1228 5290 truc
1239 5245 1306 5302 purte
1315 5243 1406 5303 cernit,
1416 5245 1441 5292 ct
1450 5253 1481 5292 os
1492 5241 1578 5304 aperit.

1116 5337 1124 5384 ι
1143 5327 1213 5378 nuno
1224 5327 1243 5378 ιΙ
1255 5329 1310 5392 quis
1321 5328 1441 5390 οσιοειίὶι,
1454 5329 1518 5378 litteo
1529 5329 1665 5392 tumultur
1689 5337 1699 5364 ⁹
