4058 6092
738 415 740 424 Ι
821 460 1034 526 PRAEFATIO.
1650 471 1713 517 xxv

166 605 313 658 nument
325 603 449 654 editione:
654 605 680 648 tn
692 599 737 648 hac
749 597 873 648 editione:
979 597 1007 641 ln
1018 590 1130 642 nunctis
1141 589 1263 640 editione:
1466 585 1681 638 inhaccditiune:

216 699 243 754 3.
264 694 339 764 νίκην
361 729 738 752 .............
759 686 833 745 νίκαν
1287 679 1369 735 XXI.

479 799 562 854 xm
1027 779 1056 816 a.
1077 754 1207 844 ριοτέρχιυ
1229 797 1505 816 ..........
1527 752 1669 835 προςέρχου

1028 846 1055 903 ³·
1076 847 1199 925 χρηστῶν
1223 884 1554 902 ············
1566 845 1675 920 χρηστῶ

215 925 241 962 n.
263 899 386 984 οὐρανίαν
402 941 708 960 ···········
724 895 845 979 Οὐρανίην
860 890 903 975 (²)
1028 942 1055 1001 ρ,
1076 931 1180 999 καθίζου
1202 975 1513 990 ...........
1536 930 1640 997 καθίζου
1652 931 1693 1008 (5)

472 1010 565 1066 xvn.
1049 1067 1052 1074 .
1280 1023 1378 1078 xxu.

214 1119 242 1176 3.
263 1117 385 1174 ἀλσθινοῦ
406 1153 684 1173 ..........
707 1112 822 1169 &terrun
839 1109 881 1188 (3)
1028 1120 1055 1159 n.
1078 1097 1249 1179 Συρηκοσίων
1271 1141 1520 1158 .........
1545 1096 1714 1176 Συρακοσίων

216 1206 244 1262 5.
266 1204 415 1282 πιδωριστᾷ
425 1242 670 1259 .........
688 1197 849 1278 πιδωριστοὶ
861 1198 903 1276 (4)
1028 1196 1054 1257 i.
1077 1185 1178 1258 ὀθνιίην
1192 1183 1282 1245 οὔποτ’
1295 1229 1509 1246 ........
1520 1183 1620 1242 ὀθνείων
1637 1183 1713 1243 οὔτιν’

216 1315 243 1366 7.
266 1287 428 1370 μεμναμένοι
451 1329 698 1348 .........
721 1287 903 1364 μεμνημένους
946 1278 1015 1336 Tria
1034 1276 1242 1355 epigrammata
1266 1293 1331 1352 qnae
1354 1287 1514 1352 sequuntur
1540 1275 1596 1332 huc
1620 1285 1716 1330 traus-

479 1397 560 1452 XIX·
946 1365 1054 1441 scripta
1069 1375 1138 1420 sunt
1154 1383 1191 1421 ex
1210 1363 1297 1422 ruth,
1316 1363 1374 1420 Pai.
1389 1366 1447 1434 lx,
1466 1362 1540 1432 435;
1558 1365 1716 1431 v11‚202;

946 1456 1020 1525 VII,
1033 1454 1100 1511 662.
1113 1453 1228 1511 Diserte
1242 1452 1399 1510 Theocrito
1419 1451 1589 1509 tribuuntur
1605 1450 1716 1508 auctori

946 1541 979 1598 in·
991 1541 1056 1599 cod.
1073 1544 1091 1599 6
1106 1541 1168 1599 sive
1188 1546 1228 1611 B;
1242 1540 1321 1598 unde
1340 1540 1427 1598 etiam
1441 1539 1554 1617 aliquot
1565 1539 1717 1616 scripturae

482 1607 551 1663 Π
947 1633 1045 1706 petitae
1063 1642 1139 1687 sunt.
1154 1629 1362 1687 alienissimam
1384 1647 1453 1686 vero
1472 1647 1490 1686 a
1508 1640 1596 1706 poeta
1617 1641 1716 1685 nostro

214 1720 239 1775 5.
261 1715 363 1795 Ιριῖισοιις
385 1755 694 1774 ...........
721 1756 729 1773 .
750 1713 862 1792 χὸσσοος
946 1719 1098 1794 Syringem
1112 1718 1280 1794 reliquimus
1292 1717 1484 1794 Anthoiogiae.

215 1513 242 1572 t.
264 1504 364 1560 Μοῖσαι
386 1539 721 1559 ............
745 1500 852 1558 Μοῦσαι

167 1886 202 1948 (n)
220 1883 306 1934 eous
317 1883 367 1930 sive
382 1885 409 1931 B.
422 1890 446 1930 et
458 1887 516 1930 vett.
529 1879 585 1930 edd.
600 1892 654 1930 unte
666 1880 750 1948 steph.
759 1909 792 1920 -
802 1886 901 1931 xvia
944 1881 1086 1940 codicibus,
1101 1881 1228 1947 inquibus
1249 1889 1305 1931 sunt
1324 1879 1411 1946 optimi
1431 1881 1502 1930 Paiat.
1520 1892 1545 1930 ct
1558 1881 1659 1930 Medici.
1674 1885 1716 1941 tt..

134 1961 251 2016 σπουδαῖς
263 1967 288 2007 et
301 1974 323 2007 ν.
338 1959 353 2008 5
365 1956 431 2013 νέοις
442 1957 459 2004 6
471 1954 521 2004 sive
535 1957 562 2004 n.
944 1955 1122 2005 admittendum
1135 1955 1217 2021 putavi
1236 1955 1395 2005 accusativum
1415 1955 1601 2020 μεμονωμένους,
1624 1955 1715 2022 quippe

167 2037 201 2100 (3)
219 2037 280 2084 Cum
290 2034 473 2082 thtemanno.
944 2046 1017 2094 quem
1038 2029 1101 2079 tucri
1122 2046 1191 2096 posse
1211 2028 1273 2079 mihi
1293 2029 1375 2080 videar
1391 2045 1422 2079 ex
1443 2046 1487 2080 usu
1509 2029 1632 2080 notissimo
1651 2030 1715 2096 apud

166 2111 202 2174 (ς)
219 2113 255 2157 lta
272 2105 376 2156 comsit
394 2109 561 2164 Ησιιιιοιιιιιιι,
576 2102 656 2167 quiin
676 2105 773 2154 Annali.
791 2103 899 2154 vindob.
945 2110 1012 2156 liunt.
1025 2107 1072 2157 Gr.
1085 2108 1131 2156 Gr.
1144 2104 1161 2169 S
1176 2109 1232 2164 131,
1247 2115 1273 2162 4.
1287 2108 1357 2155 Nunc
1371 2105 1443 2155 simui
1456 2105 1530 2171 magis
1547 2114 1646 2172 apparet
1658 2104 1717 2170 quid

134 2184 181 2235 sol.
194 2185 259 2233 CIV.
274 2198 299 2247 p.
322 2189 370 2244 249
383 2177 470 2244 adjecit
483 2194 489 2228 :
503 2199 515 2220 ι
526 2177 674 2244 πιδωρισταὶ
687 2177 791 2245 ροιίιιιιιι
805 2189 840 2228 cst
859 2195 903 2246 pru
946 2181 1003 2231 velit
1019 2181 1170 2248 parenthesis
1189 2196 1197 2232 ι
1211 2181 1293 2249 σωρὸν
1312 2181 1359 2249 γὰρ
1382 2175 1434 2247 εἶχε
1453 2183 1579 2248 ῥημάτων,
1592 2181 1612 2234 i.
1624 2199 1645 2232 e.
1659 2182 1716 2248 Epi-

135 2257 294 2324 μιτονριστιιὶ
316 2255 357 2322 qui
375 2253 477 2306 civitatis
499 2253 629 2320 participes
656 2263 721 2304 sunt.
749 2254 904 2320 Hesychius:
947 2255 1335 2326 charmuscomoediispopulnres
1348 2271 1422 2321 quum
1435 2257 1466 2305 ud
1485 2256 1542 2306 alias
1563 2255 1662 2306 virtutes
1675 2272 1717 2304 cu·

136 2334 263 2400 μιθορίζοι,
278 2331 382 2398 μισοχιι.
400 2328 462 2388 coi,
473 2329 516 2394 qui
528 2327 650 2394 Syracusis
660 2328 684 2376 in
701 2327 789 2378 ciuium
804 2346 904 2379 numero
947 2330 1030 2381 lendes
1043 2339 1094 2380 turn
1107 2332 1137 2382 ud
1150 2339 1243 2397 gratnm
1255 2329 1361 2379 animum
1375 2329 1511 2380 habendum
1521 2330 1671 2382 excitaverat.
1684 2358 1717 2368 —

134 2408 224 2473 recepti
236 2415 300 2460 sunt
316 2405 427 2472 populari
440 2403 539 2452 suchnc
550 2411 731 2452 munumentum
741 2413 880 2469 posuerunt.
892 2427 904 2446 ι
947 2404 1030 2471 Epigr.
1042 2408 1143 2462 xvm.
1161 2404 1307 2470 descriptum
1322 2413 1358 2454 est
1375 2421 1405 2453 cx
1418 2405 1537 2456 Meiuekii
1555 2405 1656 2454 Delectu
1666 2413 1717 2456 An-

136 2482 248 2532 Famdem
271 2480 414 2531 sententium
436 2477 562 2544 requisivit
578 2477 755 2526 Wurdswurth.
778 2478 905 2544 legendum
949 2478 1043 2544 thuhp.
1059 2480 1099 2527 51.

135 2557 266 2622 suspicatus
277 2553 440 2614 πιδοιιιισσοιί,
452 2550 540 2608 coloni,
557 2549 676 2619 inquilini.
688 2577 721 2588 -
732 2555 764 2600 V.
781 2568 805 2613 ρ.
816 2555 852 2602 Ex
864 2567 906 2602 sex
982 2553 1021 2620 (5)
1038 2557 1087 2603 tiss
1099 2553 1188 2604 tornius
1197 2552 1239 2604 dat
1251 2553 1322 2604 etiam
1332 2556 1348 2603 6
1360 2552 1411 2603 ‘sinc
1423 2557 1452 2604 B.

718 2803 1139 2834 ψ-

548 3057 689 3180 nlo
736 3058 845 3178 ΕΤ
891 3058 1308 3184 Moscnus

189 3604 241 3676 Ad
259 3605 407 3676 Bionem
429 3619 465 3674 et
479 3602 668 3676 Moschum
686 3601 873 3674 chnerus
886 3605 924 3675 in
949 3629 1070 3677 meum
1089 3633 1196 3680 usum
1214 3625 1379 3682 accurate
1400 3611 1554 3707 inspexit
1569 3608 1638 3680 hos
1659 3635 1720 3681 co-

141 3740 238 3810 dices
265 3737 500 3808 Parisicnscs:

756 3950 807 4006 Nc.
822 3945 910 4004 2511.
925 3967 982 4005 sec.
995 3952 1074 4006 xlv.

756 4049 808 4107 Nr.
821 4049 907 4104 2562.
920 4067 976 4104 sec.
989 4051 1068 4106 xlv.

757 4159 806 4213 Νι.
821 4156 907 4226 2763.
921 4174 975 4212 sec.
987 4159 1066 4214 xvi.

757 4265 807 4320 Νι.
822 4259 909 4333 2765.
923 4278 980 4320 sec.
995 4265 1061 4319 XV.

757 4369 806 4424 Nr.
822 4365 908 4422 2833.
926 4369 1071 4423 sec.XV1.

192 4537 237 4606 tii
258 4536 421 4631 quinque
439 4531 602 4615 codices,
627 4557 720 4628 quos
740 4531 802 4602 uhi
832 4533 981 4604 intense
1006 4535 1242 4605 consentiunt
1259 4535 1470 4633 simpliciter
1488 4560 1553 4633 per
1570 4541 1724 4636 quinque

146 4679 261 4747 Parth.
277 4671 495 4769 significavi,
515 4687 678 4770 spectant
695 4673 951 4745 tautummodo
969 4673 1015 4745 ad
1031 4675 1168 4746 Musch.
1189 4681 1216 4746 1.
1239 4661 1323 4772 ἔρως
1347 4672 1514 4769 δραπέτης.
1542 4683 1652 4750 Porro

185 4871 441 4936 Nr.2831.sivca
457 4872 536 4950 apud
550 4873 696 4932 Gaisiord.
714 4871 848 4951 bombyc.
865 4895 921 4933 sec.
935 4879 1002 4934 xlv
1018 4876 1062 4953 (ut
1072 4876 1131 4953 jam
1145 4896 1233 4954 supra
1248 4875 1403 4934 indicatum
1421 4879 1484 4954 est).
1496 4881 1575 4938 inest
1591 4877 1725 4962 δπιτᾶριος

146 4979 251 5047 Βίωνος.

186 5100 237 5155 Nr.
254 5095 330 5153 28³2
343 5095 406 5152 sive
425 5111 459 5150 ιο
474 5093 554 5170 apud
565 5093 710 5151 Gaisiurri.
725 5095 801 5172 (viiie
815 5099 923 5174 supra).
935 5101 997 5154 Huc
1014 5097 1159 5175 pertinent
1174 5092 1301 5174 Μέγαρα,
1316 5093 1448 5175 ἐπιτάφιος
1463 5096 1575 5170 Βίωνος,
1590 5099 1724 5169 Ἀδώνιδος

147 5205 290 5282 ἐπιτοριος,
304 5197 475 5276 §creaturan
489 5196 628 5277 Ἀχιλλέως
642 5197 687 5257 καὶ
701 5205 732 5259 Δ.
753 5203 803 5262 His
818 5202 952 5262 omnibus
965 5201 1142 5261 carminibus
1154 5201 1324 5280 inscriptum
1335 5214 1378 5258 est
1391 5221 1496 5260 nomen
1513 5205 1667 5289 Θιοιιρίσου.
