4028 6042
317 358 353 408 nt
536 347 541 358 '
745 348 841 408 utilit
863 346 994 410 ΣΤΙΧΟΙ
1021 346 1117 408 ΠΕΡΙ
1137 344 1240 407 ΖΩΩΝ
1264 345 1484 407 ΙΔῙΟΤΗΤΟΣ.

386 477 457 536 δοκεῖ
467 473 554 560 φέρειν
565 475 672 555 ἔξαμμα
688 474 754 558 βαθύ
768 475 915 558 πορφύρας·

317 561 361 646 (no)
382 565 428 625 καί
441 575 516 625 πᾶσα
527 566 608 637 λευκὴ
622 569 669 638 τῆς
679 567 796 647 κεφαλῆς
809 565 950 644 ῆπλάσις,

316 674 370 714 tono
379 653 501 736 καθάπερ
515 653 615 715 ἁπλοῦν
626 655 672 714 καλ
687 653 824 714 νεύὸλυτον
839 655 919 735 γάλα.

385 741 442 804 Καὶ
453 746 503 813 ζῶν
516 741 564 821 μὲν
579 742 655 812 αύτδς
665 744 781 804 ἐνδακεῖν
794 746 842 804 οὐκ
855 743 956 824 ἰσχύει·

383 831 463 900 νωδός
475 830 527 913 γα’ρ
540 834 611 911 ἔστι,
626 831 672 891 καὶ
684 831 759 913 ψιλὸν
773 837 838 913 χοῶν
851 831 944 892 ἐσθίει·

386 919 464 989 ἁλούς
475 920 502 980 δέ
514 920 618 992 νυκτός,
632 919 679 980 καλ
691 920 848 1003 κρεμασθελς
861 920 982 1002 ἡμέρας,

317 1007 360 1083 (ss)
382 1005 429 1065 καί
441 1005 511 1066 κατὰ
523 1007 616 1090 μικρὸν
629 1007 677 1083 τῆν
691 1008 773 1082 πνοὴν
788 1010 947 1091 ἀποκρίνων,

318 1115 370 1156 ιιυο
381 1097 466 1178 ἰχῶρα
479 1103 526 1157 τοῦ
540 1098 671 1178 πόματος
685 1098 764 1180 ύγρδν
775 1097 897 1172 ἐκπτύει,

384 1182 430 1243 καί
440 1185 572 1266 πήγνυται
586 1187 616 1247 τὸ
629 1191 724 1271 βεῶσαν
738 1190 773 1254 τίς
785 1177 851 1254 εἶδος
862 1184 955 1265 μέλαν.

383 1269 481 1343 Ἄλλος
493 1275 521 1335 δέ
535 1276 625 1356 νεκρὸς
636 1267 709 1344 αὖθις
720 1276 794 1356 ἔγχεϊ
806 1273 934 1349 λιάοίδας,

384 1361 413 1422 αἳ
424 1362 544 1446 δακρύων
560 1365 665 1445 ἔχουσιν
680 1363 807 1446 ἀρκεύθου
820 1363 913 1445 χρόαν.

316 1452 359 1535 (σο)
380 1451 505 1533 Τούτων,
521 1457 649 1536 βασιλεῦ,
662 1454 709 1514 καὶ
723 1453 828 1535 σταγὼν
843 1451 927 1524 δήπου
943 1452 992 1531 μία

318 1563 368 1602 uos
381 1541 470 1625 νεκρὸν
485 1541 615 1625 παρευθθς
627 1542 673 1602 τὸν
685 1541 779 1602 πιόντα
795 1540 915 1604 δεικνύει.

383 1631 418 1694 ‘0
431 1631 541 1715 μὲνγὰρ
555 1630 698 1714 ἀγκέφαλος
710 1633 757 1693 ούκ
770 1630 838 1712 ἔχων
847 1631 924 1712 βόσιν

385 1723 415 1782 ἐκ
423 1726 476 1782 τῶν
488 1725 598 1804 ἀγωγῶν
609 1727 658 1795 τῆς
672 1722 740 1805 βινδς
753 1719 881 1805 διαββέει·

384 1810 414 1870 τὸ
428 1809 549 1872 σύντονον
562 1809 590 1871 δέ
600 1815 648 1884 τῆς
663 1816 773 1892 φθορᾶς,
787 1814 840 1870 τῶν
853 1809 981 1889 όμμάτων

315 1899 358 1977 (σε)
377 1908 488 1968 πυκναῖς
503 1899 534 1958 rb
547 1897 644 1983 ληφθὲν
660 1900 800 1979 ἐκτροπαῖς
809 1898 975 1980 διαστρέφει,

316 2009 366 2048 ιιιο
379 1987 503 2067 σπασμόν
517 2011 546 2047 τε
562 1996 645 2062 ποιεῖ,
660 1987 707 2048 καλ
718 1987 886 2070 θρασύδειλον
896 1985 1001 2068 τρόμον,

384 2076 431 2137 καὶ
442 2077 562 2159 δακρύων
572 2075 721 2137 ἄκλαυστον
734 2078 850 2136 ἐντεῦθεν
864 2075 952 2156 χύσιν.

384 2165 424 2228 Τὸ
438 2166 587 2248 πρόδρομον
598 2168 621 2226 δ’
636 2155 682 2226 σύν
693 2165 739 2227 καὶ
753 2168 839 2248 βαφῆς
853 2165 915 2224 ἀνευ
926 2163 1020 2242 μέλαν,

381 2253 468 2333 ἀκμάς
479 2255 587 2329 ὀδυνῶν,
601 2254 649 2314 καί
663 2253 835 2335 χρονίζουσαν
852 2251 944 2336 φθόην,

315 2342 362 2426 (70)
377 2344 423 2403 καλ
437 2343 598 2422 κνησμονὴν,
612 2343 659 2405 καλ
672 2348 762 2425 βῆχα,
777 2340 823 2402 καὶ
839 2340 934 2423 θιρμδν
949 2339 1038 2422 κάρον,

316 2453 366 2494 ιιιο
377 2432 423 2493 καί
442 2432 553 2514 καρδίας
568 2430 701 2515 βρόχοντα
714 2429 820 2512 παλμδν
836 2428 960 2513 εἰσφέρει.

408 2688 504 2747 ΠΕΡΙ
525 2687 665 2747 onusti
686 2687 764 2748 ΤΟΥ
784 2683 1025 2786 λίΕΡΣΥΔΡΟΥ.

382 2820 480 2878 Πατῶν
491 2817 520 2878 δέ
533 2841 571 2886 τις
584 2817 727 2902 χέρσυδρον
742 2815 831 2877 ούκέτι
840 2814 926 2876 πνέει·
939 2861 942 2870 ,

381 2908 430 2969 κάν
442 2906 520 2975 ἄλλος
532 2905 607 2976 εὐθύς
620 2912 666 2966 τοῦ
680 2905 854 2989 παρελθόντος
869 2905 953 2985 θίγοι,

381 3007 434 3066 τοῖς
445 2996 595 3072 δακτύλοις,
606 2994 744 3078 κρσίτιστε,
758 2993 918 3077 φλυκταίνας
933 2992 1000 3076 φύει.

465 3259 561 3318 ΠΕΡΙ
585 3256 726 3318 ΟΦΕΩΣ
746 3254 959 3317 indultor.

314 3397 362 3479 (ts)
379 3390 459 3477 Ὄφις
472 3393 502 3453 δέ
514 3419 554 3462 τις
567 3393 665 3473 ἄθυμος
676 3396 706 3452 ἐκ
719 3397 767 3473 γῆς
780 3391 899 3473 Ἀράύων

315 3508 367 3549 1420
376 3483 470 3547 κτείνει
485 3483 615 3566 φονευθείς
630 3482 674 3542 τὸν
686 3481 813 3565 φονευτῆν
828 3479 921 3554 ὀξέως,

380 3573 450 3648 πλῆν
468 3576 495 3633 ἐν
510 3580 646 3655 συριγμοῖς
659 3571 706 3632 καὶ
719 3575 801 3643 πνοῆς
815 3569 950 3643 διεξόδοις,

381 3667 424 3745 ὑφ’
438 3654 474 3722 ῶν
487 3664 589 3746 διαββεῒ
602 3660 648 3720 καλ
662 3657 744 3741 χιτὼν
756 3659 803 3719 καί
815 3657 933 3742 σαρκίον.

380 3751 473 3819 Nudo<
489 3749 540 3833 γάρ
552 3752 625 3828 ἐστι,
642 3748 690 3808 καί
701 3747 837 3808 πατάσσει
853 3745 977 3830 μετρίοις.

325 4053 411 4114 ttttt‘l
426 4052 502 4115 ΤΩΝ
517 4055 567 4116 ΕΝ
583 4051 648 4114 ΤΩι
661 4047 766 4110 lituus
783 4037 956 4103 nullutn
968 4029 1100 4095 ΑΙΘΩΝ.

317 4173 360 4258 γ’νο)
376 4174 445 4236 Ἀλλ’
460 4179 496 4243 εἰς
509 4173 553 4234 τόν
568 4172 651 4234 Ἰνδδν
664 4171 708 4231 riv
717 4170 838 4251 ποταμδν
850 4170 895 4231 τὸν
910 4170 994 4254 μέγαν

314 4283 366 4324 mo
377 4264 433 4323 ἔστι
446 4263 499 4336 τίς,
511 4266 546 4330 ῶς
557 4262 676 4341 λέγουσι,
687 4260 924 4343 πορφυροῦςλίθος,

382 4350 409 4420 ύς
421 4351 467 4412 καί
479 4355 593 4434 φυσικῶς
605 4350 724 4411 ἐκδιώκει
739 4348 799 4418 τοὺς
812 4349 898 4432 ὄφεις,

382 4445 418 4510 ῶς
429 4441 570 4509 λιάανωτὶς
583 4440 629 4500 καλ
639 4438 789 4518 καλαμίνθῆ
800 4436 885 4520 χλόῃ,

383 4529 427 4590 καὶ
438 4530 620 4612 πυκνύφυλλος
631 4527 708 4608 ἀγνος
722 4525 910 4610 ἐψεκασμένος.

314 4619 359 4697 (σο)
382 4618 436 4681 Καὶ
446 4619 546 4699 γίνεται
560 4624 614 4700 πῦρ
628 4620 664 4686 εἷς
674 4622 795 4699 χεθεῑσαν
805 4616 921 4694 ίκμσίδα·

315 4727 366 4768 uso
380 4705 509 4790 ῥιπίζεται
525 4707 567 4781 δὲ,
585 4706 631 4766 καί
645 4705 675 4765 τὸ
690 4706 784 4787 θερμὸν
800 4704 946 4784 ἀμὸλύνει,

382 4794 475 4876 δριμύν
491 4819 520 4854 τε
531 4797 631 4856 καπνὸν
644 4795 860 4877 πυρπολούμενος
873 4792 956 4877 βρύει.

382 4884 438 4946 Καὶ
452 4888 509 4952 ταῖς
522 4884 637 4965 γυναιξίν
652 4886 752 4967 ἀδρανῆ
771 4885 821 4966 δρᾷ
832 4882 866 4943 et
882 4881 981 4966 βρέφη,

383 4973 430 5036 καὶ
443 4973 533 5054 δῆγμα
545 4972 627 5033 διινδν
639 4975 760 5056 εὐμαρῶς
775 4970 925 5055 ἀνατρέπει.

1805 353 1928 422 lffl-fll

1151 485 1213 536 terre
1224 484 1320 536 ridetur
1330 489 1439 537 saturun
1448 485 1571 536 dammam
1580 496 1707 549 purpnrae
1722 501 1731 535 :

1150 581 1175 626 et
1186 574 1240 625 niba
1249 577 1287 626 est
1295 578 1346 627 tota
1357 573 1444 639 cupitis
1453 572 1627 638 configuratio,

1149 667 1263 728 tnnquem
1273 678 1367 716 merum
1379 667 1405 716 et
1416 677 1498 715 reeens
1506 663 1614 714 mulsum
1625 663 1676 712 leo.

1150 758 1186 805 Ao
1196 754 1255 804 dum
1267 754 1328 805 vivit
1338 755 1393 817 ille,
1402 767 1511 805 morsum
1520 754 1607 806 interne
1618 767 1668 804 non
1681 753 1782 816 ratet3

1148 855 1205 892 rum
1216 848 1254 894 est
1265 842 1408 906 edentulus,
1420 846 1445 896 et
1454 843 1523 894 nudo
1533 844 1634 908 pulvere
1642 842 1768 893 rescitur
1779 857 1788 892 ε

1150 944 1235 982 verum
1249 933 1335 995 coptus
1345 937 1435 993 noctu,
1447 938 1474 982 et
1482 945 1619 996 suspensus
1630 931 1769 994 interdiu,

1148 1025 1174 1070 et
1184 1019 1275 1070 sensim
1284 1020 1396 1085 spirltum
1408 1020 1547 1085 dimittens,

1149 1121 1230 1159 serum
1239 1122 1270 1161 ex
1283 1123 1325 1159 ore
1333 1108 1453 1173 liquidum
1463 1113 1574 1172 eructat,

1149 1199 1174 1248 st
1185 1197 1297 1249 oonteseit
1307 1198 1353 1250 troc
1364 1197 1483 1250 fluentum
1490 1199 1515 1249 in
1526 1198 1630 1262 speciem
1640 1198 1757 1260 nigram.

1150 1288 1216 1340 Altes
1224 1293 1305 1340 sutem
1318 1301 1404 1340 rursus
1415 1292 1472 1352 post
1483 1291 1587 1338 mortem
1596 1287 1676 1337 tundit
1687 1287 1796 1374 stiltaq,

1151 1388 1206 1438 quae
1218 1375 1372 1426 lacrimarum
1381 1374 1488 1439 juniperi
1499 1375 1605 1426 oolorem
1614 1374 1722 1426 liabent.

1151 1467 1256 1529 lterum,
1270 1479 1328 1526 rex,
1338 1463 1378 1515 rel
1389 1477 1439 1514 nna
1450 1463 1562 1516 videlicet
1571 1465 1640 1528 guttn

1151 1556 1275 1605 mortuum
1287 1553 1351 1606 illioo
1360 1552 1440 1605 reddit
1449 1566 1507 1604 euru
1516 1553 1559 1617 qui
1570 1553 1668 1604 biberit.

1150 1647 1211 1696 Nom
1220 1643 1362 1706 oerebrum,
1372 1657 1421 1694 non
1431 1643 1548 1708 amplius
1562 1641 1758 1694 tundamentum
1773 1641 1879 1700 treberis,

1150 1745 1180 1782 ex
1194 1733 1318 1785 oonolibus
1328 1731 1425 1782 ninnium
1434 1731 1545 1796 perlinit:

1151 1820 1243 1872 intents
1250 1827 1333 1873 nutem
1344 1821 1383 1873 vis
1389 1821 1447 1872 mali
1454 1822 1540 1873 oeulos

1151 1912 1275 1974 correptos
1288 1909 1457 1974 frequentibus
1467 1908 1635 1961 eversionibus
1645 1907 1811 1970 distorquet,

1150 2001 1175 2049 et
1192 1999 1362 2052 convulsioues
1373 1999 1494 2062 elficit,et
1509 2003 1638 2048 tremorem
1646 1996 1757 2046 audacia
1766 2001 1793 2046 et
1804 1994 1883 2044 timore
1891 1989 1932 2038 uit·

1150 2091 1175 2138 et
1187 2088 1340 2140 lacrimarum
1348 2104 1379 2142 ex
1391 2088 1439 2139 illis
1449 2089 1501 2139 sino
1511 2089 1569 2138 lietu
1578 2087 1740 2138 ellusioueun.
1817 2081 1890 2148 [grum
1898 2081 1934 2132 ssi.

1150 2181 1206 2228 inni
1220 2178 1285 2242 quod
1295 2177 1364 2228 initio
1375 2179 1520 2242 esorpente
1528 2177 1676 2242 produxerat
1689 2181 1718 2226 et
1730 2175 1791 2225 sine
1804 2171 1898 2224 tincttm
1907 2167 1933 2214 tt·

1151 2266 1306 2336 ooutissimos
1316 2266 1427 2330 dolores,
1440 2273 1465 2317 et
1476 2266 1566 2316 lentam
1578 2265 1672 2324 ιιιθειιι,

1151 2359 1175 2404 et
1187 2355 1380 2418 pruriginem,et
1390 2355 1492 2418 tussim,
1504 2360 1530 2406 et
1541 2354 1687 2405 tebricosutn
1694 2365 1834 2417 soporem,

1151 2445 1176 2494 et
1186 2444 1265 2494 cordis
1274 2459 1331 2496 otuu
1341 2444 1462 2496 dentium
1471 2444 1575 2495 stridore
1587 2443 1779 2508 palpitationem
1794 2439 1871 2490 interi.

1880 1901 1934 1966 uu.

1383 2694 1431 2746 75.
1456 2687 1508 2746 DE
1531 2683 1711 2747 NATRICE.

1152 2823 1178 2874 Si
1189 2823 1244 2888 quis
1255 2824 1337 2874 nutem
1349 2823 1465 2873 natricem
1477 2822 1569 2884 estest,
1579 2821 1630 2883 inm
1639 2821 1733 2886 spirare
1745 2823 1842 2870 cessat:

1151 2912 1239 2976 quodsi
1248 2912 1311 2964 nlius
1320 2917 1445 2962 mortuum
1456 2909 1582 2974 evestigio
1591 2909 1714 2972 tetigerit,

1151 3002 1173 3053 ei
1184 3001 1209 3052 in
1219 3001 1314 3066 digitis,
1326 2999 1628 3064 potentissimumque
1639 3000 1801 3050 exoriuntur.

1273 3271 1321 3321 76.
1344 3259 1397 3319 DE
1418 3257 1590 3320 subulco
1611 3255 1826 3318 sunpultt'ti.

1133 3380 1138 3386 ’
1150 3394 1253 3456 Serpens
1264 3395 1347 3442 sutem
1360 3391 1463 3456 iuturus
1474 3389 1574 3455 quidam
1584 3403 1614 3441 ex
1624 3389 1713 3441 Arabio

1150 3481 1245 3532 occisus
1254 3481 1369 3532 interficit
1377 3481 1512 3531 ooeisorem
1525 3493 1598 3531 suum
1610 3479 1708 3540 statim,

1152 3583 1203 3622 non
1213 3583 1318 3628 morsu,
1332 3571 1376 3622 sed
1384 3570 1462 3622 sibilis
1474 3572 1500 3621 et
1510 3568 1611 3633 spiritus
1620 3568 1733 3618 exeuntis
1746 3565 1852 3622 dntibus,

1150 3673 1193 3724 per
1203 3672 1265 3723 quos
1278 3659 1368 3710 dillluit
1378 3661 1514 3711 etnmietns
1523 3663 1549 3709 ot
1557 3671 1624 3709 curo.

1150 3751 1212 3800 llam
1222 3748 1351 3802 edentulus
1360 3749 1452 3800 estiite
1462 3751 1559 3813 appuis
1569 3751 1594 3798 et
1603 3746 1659 3798 ierit
1667 3746 1774 3798 modice.

1176 4035 1224 4086 77.
1245 4025 1298 4085 DE
1318 4023 1527 4085 LAPIDIBUS
1550 4023 1590 4083 IN
1614 4021 1713 4083 luno
1734 4008 1906 4082 futtulis.

1149 4186 1241 4235 vuum
1250 4182 1277 4233 in
1286 4180 1348 4232 lndo
1361 4179 1460 4232 llumiue
1470 4193 1559 4243 magno

1132 4273 1133 4278 ’
1149 4271 1310 4335 estquidam,
1320 4274 1349 4320 nt
1357 4274 1467 4330 nunant,
1478 4281 1615 4334 purpureus
1626 4267 1701 4332 lapis,

1149 4361 1192 4425 qui
1199 4365 1286 4411 natura
1297 4373 1342 4410 sun
1355 4359 1481 4423 serpentes
1492 4358 1582 4421 abigit,

1150 4455 1178 4500 nt
1185 4448 1301 4501 libanotis
1311 4451 1337 4498 et
1347 4447 1493 4498 calaminthn
1501 4446 1578 4509 loliis,

1148 4542 1174 4591 et
1181 4539 1247 4590 vitex
1258 4535 1343 4589 tronde
1351 4537 1443 4588 densus
1453 4536 1556 4601 liquore
1568 4533 1684 4598 guttatim
1693 4545 1790 4598 sparso.

1148 4632 1180 4680 Et
1189 4627 1251 4692 ignis
1258 4627 1286 4677 tit
1294 4624 1326 4676 nd
1334 4625 1442 4676 intusum
1452 4623 1538 4690 tupidi
1547 4625 1675 4674 humorem
1686 4642 1693 4672 ι

1148 4720 1279 4772 ventilatur
1295 4718 1422 4784 flabello,
1430 4722 1457 4770 et
1465 4722 1541 4782 estus
1551 4715 1724 4780 restinguitur;

1147 4808 1349 4872 mordentemque
1358 4807 1455 4858 inmuni
1466 4806 1526 4857 dum
1538 4806 1617 4856 uritur
1626 4803 1739 4855 uulnus.

1147 4901 1182 4951 Δσ
1192 4897 1335 4948 mulieribus
1345 4896 1465 4961 pavidis
1477 4895 1582 4946 intentes
1592 4892 1672 4944 reddit
1681 4891 1793 4957 quietos,

1145 4985 1323 5038 etuursionom
1337 4985 1507 5038 vehementem
1516 4983 1586 5036 nette
1597 4982 1676 5034 sodet.
