4028 6042
33 366 209 448 (sa-m.)

46 498 162 560 ιειεκαλ
170 503 216 558 τοῦ
233 501 361 578 συριγμοῦ
374 504 432 564 ταῖς
444 494 526 574 ίυγξιν
540 494 634 553 αὐτίκα

114 588 270 670 παρακαλεῖ
280 585 345 668 πρὸς
356 586 453 666 λέκτρα
467 583 515 656 τήν
530 583 671 663 ἐρωμένην.

116 681 173 738 Καί
184 681 231 735 τοῦ
241 674 305 756 παρ’
317 677 414 754 ἀμφοῖν
426 670 634 738 συντελεσθέντος
645 669 745 750 γάμου,

40 770 91 854 (rs)
115 761 193 844 ὁμέν
206 763 250 823 τδν
264 764 303 822 ἰδν
318 755 390 829 αὖθις
404 761 566 840 ἀνιμήσατο,

116 852 165 914 καί
175 850 244 912 κατθ
258 855 304 923 τῆς
317 854 365 928 γῆς
377 854 469 908 θᾶττον
484 847 599 930 έρπύσας
612 845 669 920 ἔδυ,

52 946 134 1014 isaei
151 941 179 1000 δὲ
190 940 255 1008 πρὸς
268 938 348 1020 ύγρθς
361 937 508 1008 ἀπενήξατο
521 937 631 1017 τρίδους.

315 1234 409 1292 ΠΕΡΙ
433 1232 576 1290 dll'lilN.

122 1372 253 1454 Πρηστθς,
263 1371 348 1454 κριός,
358 1369 479 1448 ζύγαινα,
491 1367 633 1448 πάρδαλις,
645 1367 720 1440 λέων,

121 1462 168 1520 καὶ
182 1459 310 1542 φύσαλος,
325 1458 437 1538 μέγιστα
452 1460 538 1529 κητῶν
551 1455 650 1537 εὑρέθη.

124 1549 186 1612 Elei
199 1547 226 1609 δὲ
235 1547 322 1628 νωθρδι
335 1551 372 1627 τῷ
386 1545 468 1626 βαρὺν
479 1545 555 1623 ὄγκον
568 1543 662 1626 φέρειν·

122 1639 168 1698 καί
181 1637 265 1715 φωτὸς
279 1635 407 1700 ίθύνοντος
421 1631 597 1714 ἐστερημένα,

60 1751 114 1789 usas
122 1725 280 1803 ἡγουμένους
292 1723 395 1804 ἔχουσιν
411 1725 483 1802 ἰχθῦς
496 1725 547 1779 τῶν
561 1719 666 1802 τρίύων·

66 1821 100 1894 (s)
123 1815 140 1873 δ
155 1813 265 1874 κατόπιν
277 1811 404 1889 τέμνοντα
419 1810 463 1868 τὸν
480 1813 538 1890 ῥοῦν
553 1808 597 1868 τδν
609 1808 691 1886 μέγαν

123 1901 298 1980 (πατάσσεται
308 1899 360 1981 γὰρ
374 1907 427 1966 τοῖς
441 1907 545 1978 πτεροῖς
556 1901 608 1956 τῶν
622 1894 754 1973 συννόμων

127 1997 144 2064 ἡ
159 1996 204 2050 τοῦ
217 1987 308 2072 πρόσω
321 1987 436 2065 κύματος
453 1985 599 2063 ἀντιτυπία)

123 2078 256 2160 χαίνουσι,
269 2075 315 2135 καὶ
326 2075 456 2133 λάπτουσι
467 2073 587 2154 καθάπερ
599 2073 684 2145 κύνες,

64 2172 159 2234 lascire
173 2165 204 2225 διν
218 2164 262 2223 τδν
279 2163 359 2240 έσμδν
371 2165 468 2244 ἐκροφῇ
482 2166 534 2220 τῶν
549 2160 646 2240 ἰχθύων

125 2255 170 2314 καί
183 2253 231 2324 τὴν
245 2249 484 2332 παρεμπίπτουσαν
497 2249 613 2330 ἀφθόνως
627 2249 700 2321 ὕλην.

56 2347 107 2424 (12)
128 2339 236 2402 Τούτων
248 2337 275 2398 δὲ
289 2337 337 2397 κδιν
351 2336 388 2408 ἓν,
400 2341 434 2404 ὡς
448 2337 616 2418 Θεόφραστος
629 2336 712 2416 λέγει,

128 2431 263 2511 οἰναρῤαγῇ
277 2427 341 2507 πρὸς
355 2424 419 2505 ῦψος
430 2427 460 2483 ἐκ
474 2431 520 2484 τοῦ
535 2424 678 2502 πυθμένος,

126 2517 214 2576 παπαί
226 2514 328 2575 κλύδων
342 2512 484 2596 πόρρωθεν,
502 2516 550 2572 οὐκ
564 2512 635 2580 ὄντος
651 2511 758 2595 γνόφου,

68 2605 171 2668 ιιισιικαλ
185 2603 278 2686 χέρσος
291 2601 373 2684 ύγρδι,
385 2602 431 2660 καί
445 2600 595 2679 κινούμενος
606 2601 691 2683 λόφος.

124 2893 216 2955 usur
237 2891 438 2951 decursos
461 2892 540 2962 [nur
569 2889 772 2966 nuron'roup.

130 3033 240 3114 Ἰχθθςδ
254 3032 355 3114 δελφὶς,
370 3033 427 3092 ἀλλ’
443 3030 474 3091 ἂν
486 3031 536 3092 ἴδοι
548 3031 696 3102 ναυτίλους,

130 3131 224 3204 σκιρτᾷ
236 3122 301 3204 πρὸς
314 3121 421 3194 αύτούς,
434 3123 591 3202 άναφυσσῶν
606 3119 739 3197 ἀσμένως,

130 3211 174 3269 καί
186 3211 390 3291 συμπαραπλεῖ,
401 3209 447 3268 καί
457 3207 610 3289 προπέμπει
624 3208 653 3266 τδ
668 3207 775 3289 σκάφος.

133 3298 221 3380 Αύραν
234 3297 261 3358 δέ
272 3303 310 3380 τῷ
324 3301 383 3380 πλῷ
396 3297 527 3367 σωστικήν
541 3296 687 3376 προμηνύει

71 3387 176 3448 ιοιοκαί
193 3386 299 3468 μετρίου
313 3385 429 3464 κύματος
442 3384 537 3444 ὑπτίαν
551 3383 641 3465 χύσιν,

78 3479 111 3556 (ο)
130 3475 235 3548 ἥδιστον
249 3478 330 3558 άφρὸν
343 3473 458 3541 ἐκδιδούς
469 3479 520 3532 τῶν
533 3473 670 3551 ἇλμάτων.

133 3562 223 3642 Ἔχων
239 3562 266 3622 δὲ
280 3565 327 3634 τήν
343 3565 444 3635 κίνησιν
460 3565 496 3630 είς
508 3561 596 3621 πάντα
610 3563 713 3643 χρόνον,

133 3655 154 3710 εἰ
166 3653 205 3711 δεῖ
218 3677 244 3710 τι
259 3651 351 3733 μικρδν
362 3650 407 3710 καλ
420 3649 554 3709 καθεύδειν
567 3650 613 3720 τήν
628 3650 713 3731 φύσιν,

135 3739 205 3806 εὐθὺς
218 3739 312 3807 ἀναδθς
326 3739 352 3808 ἐξ
367 3739 465 3812 ἀδήλου
478 3739 620 3815 πυθμένος,

74 3851 128 3892 islo
134 3837 217 3887 κεῖται
229 3828 288 3887 καθ’
298 3832 383 3908 ύγρῶν
398 3824 513 3892 ἐκταθεὶς
524 3825 566 3885 ἐπὶ
578 3826 673 3901 στόμα·

133 3917 178 3977 καὶ
188 3923 233 3978 τοῦ
245 3917 340 3999 βάρους
352 3915 450 3976 άνωθεν
465 3919 596 3996 ὁρμῶντος
607 3915 694 3988 κάτω,

77 4011 122 4088 (ιι)
133 4005 265 4088 αρουσθεθς
278 4009 324 4065 ὑπ’
336 4008 415 4064 αὐτοῦ
427 4003 549 4072 καθάπαξ
561 4009 607 4062 τοῦ
623 4003 752 4082 δαπέδου,

135 4093 272 4175 ἀνατρέχει
282 4095 346 4175 πρὸς
358 4093 421 4176 ῦθρος
434 4095 465 4152 ἐκ
480 4093 573 4174 βάθους
583 4092 673 4153 πάλιν.

175 4183 249 4244 Λέων
264 4181 312 4262 μὲν
326 4171 370 4242 οῦν
379 4181 491 4255 πίθηκον
505 4185 527 4241 εἰ
542 4185 630 4262 γηρῶν
642 4183 735 4263 φάγοι,

80 4293 131 4334 isso
138 4271 188 4352 πρδ
199 4277 244 4332 τοῦ
262 4275 285 4332 Γ
286 4273 384 4344 αληνοῦ
399 4269 526 4340 δεξιοῦται
539 4269 588 4342 τήν
601 4269 686 4352 φύσιν·

135 4359 180 4418 καί
192 4356 243 4440 γδρ
256 4357 343 4440 ernis
358 4358 404 4418 aci
419 4368 516 4440 σφριγᾷ
531 4361 568 4439 τῷ
583 4357 725 4439 φαρμάκῳ.

136 4449 230 4530 Δελφίς
241 4445 269 4506 li
281 4445 375 4525 καμὼν
391 4446 496 4528 ἐξορίζει
509 4447 556 4518 τὴν
570 4446 654 4519 νόσον,

80 4541 123 4617 (ιιι)
136 4537 198 4596 δτοιν
209 4537 288 4619 φάγοι
300 4535 411 4608 πίθηκον
424 4537 499 4617 ἰχθῦν
511 4535 635 4616 ἀφθόνοις.

177 4623 267 4693 Τοκθις
280 4623 307 4684 δέ
325 4627 394 4684 δυοῖν
411 4625 543 4706 εὑρεθεῖσα
560 4623 696 4705 φιλτάτοιν

73 4739 122 4778 isos
135 4720 152 4786 ἡ
167 4713 284 4796 δελφλςὴ
299 4714 405 4788 θήλεια,
416 4720 462 4774 τοῦ
476 4714 564 4796 γένους
578 4713 656 4792 χάριν

137 4802 216 4872 ἔδειξε
231 4802 408 4886 φιλόστοργον,
421 4806 457 4871 ὡς
469 4801 537 4884 χρὴ,
547 4801 594 4874 τήν
608 4801 694 4883 φύσιν.

137 4891 361 4974 Προόργεταιγδιρ
371 4891 544 4972 ἐν’μιγίστοις
554 4889 692 4962 κινδύνοις,

137 4981 185 5049 ἕως
194 4958 255 5062 &vij
269 4982 379 5062 δύναμις
393 4980 485 5049 αὐτούς
497 4980 610 5060 ἐξάγειν·

75 5071 119 5152 (ar)
133 5069 216 5151 παρόν
230 5070 258 5129 δὲ
272 5075 343 5152 βιοῦν
358 5074 395 5140 εἰς
407 5069 490 5150 νομὰς
504 5065 667 5147 ἀκινδύνους,

75 5181 126 5221 raso
135 5159 177 5233 ἥδ’
191 5159 265 5229 roei<
279 5159 395 5244 άνήρητο
408 5157 455 5220 σθν
466 5162 505 5242 τῷ
518 5157 617 5240 νηπίῳ,

412 361 541 426 PillLAE
562 361 708 424 VERSUS
729 363 780 423 DE
800 361 1027 423 ANIMALIUM
1046 361 1327 425 Pnopsm‘rnrs.

880 506 905 552 ei
917 502 1041 552 sibilorum
1051 487 1165 554 illecebris
1177 504 1257 554 slallm

882 589 983 640 advocat
994 591 1024 641 ari
1037 595 1115 642 lorum
1128 593 1238 642 arniceur.

881 683 960 742 Atque
970 681 1095 730 amborum
1110 681 1200 743 nupliis
1209 679 1340 742 absolutis,

882 767 922 816 ille
936 768 1003 816 virus
1015 769 1188 818 rursussorbel
1282 781 1286 788 ·

883 859 909 904 el
918 855 964 904 suh
975 861 1063 905 terram
1072 856 1138 905 ocius
1146 859 1242 918 reptans
1251 869 1277 905 se
1288 855 1384 919 condit,

884 943 924 993 illa
935 946 1014 994 aulem
1025 945 1049 994 in
1063 945 1174 994 humidas
1182 944 1262 994 nando
1271 945 1321 995 abit
1331 945 1436 995 semitas.

1106 1241 1142 1292 οε
1165 1230 1232 1313 (τι).
1255 1230 1306 1290 nn
1328 1231 1447 1292 curus

887 1379 988 1438 Preslis,
1002 1379 1078 1440 aries,
1089 1392 1199 1441 zygaena,
1209 1377 1327 1441 pardalis,
1340 1380 1390 1440 leo,

887 1471 912 1515 ei
923 1467 1052 1529 plrysalus,
1067 1473 1176 1516 celorum
1186 1468 1292 1516 maxima
1304 1467 1399 1516 iuvenla
1408 1471 1471 1516 sunl.

887 1555 1034 1604 Sunlauiem
1046 1555 1145 1617 ignavo,
1155 1554 1221 1617 qrrod
1230 1568 1328 1616 gravem
1339 1555 1427 1604 molem
1435 1568 1571 1618 corporum
1581 1555 1672 1613 Ιειιιπῑς

888 1647 913 1692 et
924 1643 1014 1692 lumine
1026 1645 1121 1706 regente
1130 1644 1222 1706 privata
1228 1679 1236 1705 ,

889 1731 978 1780 hebeni
989 1731 1066 1793 pisces
1077 1731 1151 1780 duces
1163 1732 1284 1782 itinerum.

889 1823 948 1868 llaec
961 1823 1024 1868 reiro
1036 1820 1141 1868 sccaulia
1153 1833 1251 1882 niagnos
1264 1819 1350 1868 lluclns

890 1909 955 1971 (riam
967 1908 1112 1956 consoriinm
1126 1907 1352 1970 piuuisverberalur

891 1997 1008 2046 undarum
1022 1999 1077 2045 anie
1088 1999 1141 2045 cclc
1151 1997 1308 2058 repercussio)

891 2086 959 2135 hiant
970 2088 995 2135 et
1004 2085 1114 2134 lambunt
1123 2090 1150 2133 ul
1160 2099 1243 2145 canes,

891 2188 940 2237 quo
950 2187 1051 2224 examen
1062 2173 1174 2223 sorbeant
1184 2174 1285 2235 piscium

892 2265 916 2312 ei
927 2262 1002 2312 simul
1011 2261 1154 2312 incidentem
1168 2262 1264 2326 copiose
1276 2262 1408 2310 inerter-iam.

893 2353 983 2400 ilerum
995 2350 1015 2399 si
1027 2350 1064 2399 vel
1076 2364 1140 2400 riuus
1147 2387 1154 2411 ,
1165 2355 1191 2399 ui
1202 2350 1382 2412 Theoplnaslus
1396 2347 1468 2412 dicii,

893 2438 1242 2501 orurnpaisursumegurgiie,

895 2528 953 2576 vair!
967 2528 1053 2576 ilucius
1064 2527 1183 2588 refugiens
1194 2527 1246 2575 siue
1256 2529 1331 2575 venio
1343 2524 1452 2585 lurbine,

894 2620 918 2666 ei
929 2617 1054 2666 continens
1064 2614 1162 2664 humida
1171 2649 1179 2676 ‚
1189 2618 1214 2664 ei
1223 2613 1319 2664 mobilis
1328 2627 1407 2667 mous.

954 2888 990 2939 sc
1013 2879 1080 2956 (τε).
1103 2879 1154 2938 uu
1176 2878 1375 2938 uuueurno
1396 2876 1456 2953 [ur
1477 2864 1627 2952 uuonep

896 3050 971 3100 Piscis
979 3053 1018 3099 csl
1028 3049 1171 3112 delphinus,
1181 3047 1224 3097 sed
1233 3061 1309 3110 quum
1319 3044 1379 3094 vidit
1389 3045 1490 3106 mulas,

896 3139 997 3188 assullai
1008 3137 1037 3186 ad
1048 3151 1105 3198 eos,
1115 3150 1170 3186 cum
1181 3136 1288 3185 lubentia
1298 3147 1396 3197 equam
1405 3131 1545 3195 exspirans,

896 3228 920 3276 ai
930 3240 944 3275 a
955 3225 1029 3276 lalere
1040 3225 1146 3286 selrilur,
1157 3230 1182 3274 el
1191 3221 1345 3286 prosequitur
1356 3233 1451 3270 narem.

896 3320 988 3366 Auram
998 3318 1081 3364 aulem
1093 3311 1239 3374 navigationi
1251 3311 1380 3360 salutarem
1393 3309 1504 3374 presagit

897 3409 921 3453 st
936 3403 1035 3453 modios
1046 3402 1118 3451 rendre
1130 3401 1245 3464 supinum
1258 3399 1399 3454 diffluxum,

897 3490 1062 3542 dulcissimam
1075 3503 1186 3554 spumam
1198 3489 1265 3538 ciens
1277 3487 1328 3537 suis
1342 3487 1450 3536 sallibus.

882 3567 978 3639 ‘Quum
992 3593 1048 3630 vero
1056 3579 1180 3642 proprium
1195 3577 1281 3626 lrabeat
1293 3579 1386 3638 rupium
1398 3575 1422 3624 in
1432 3588 1503 3624 omne
1512 3577 1623 3636 tempus,

898 3669 919 3718 si
930 3668 1061 3733 pauxillum
1069 3667 1184 3730 quiddam
1193 3667 1267 3716 eliam
1278 3664 1382 3714 dormire
1392 3667 1478 3713 natura
1487 3662 1566 3726 cogit,

898 3759 980 3808 aialim
991 3755 1091 3818 emergit
1101 3769 1132 3805 ex
1141 3755 1244 3804 obscuro
1255 3753 1330 3802 iundo
1337 3753 1361 3801 ei

896 3848 958 3909 jacar
965 3846 988 3895 iu
1001 3843 1103 3896 summis
1113 3842 1184 3907 aquis
1194 3841 1352 3905 exporrcclus
1364 3841 1388 3889 in
1400 3853 1445 3890 os:

899 3949 927 3984 ac
937 3933 1042 3998 pondere
1053 3947 1083 3982 ex
1093 3945 1190 3982 summo
1202 3934 1288 3980 ruente
1300 3929 1428 3989 deorsum,

899 4035 1024 4086 repressus
1037 4021 1091 4084 ipso
1100 4021 1170 4086 plane
1180 4021 1264 4070 moris
1275 4019 1327 4068 solo

900 4111 999 4174 emergit
1008 4123 1092 4160 rursus
1105 4111 1264 4159 incommune
1276 4121 1305 4158 cx
1319 4105 1447 4170 profundo.

931 4205 979 4251 Leo
989 4200 1087 4263 quidem
1097 4197 1194 4248 relulus
1207 4196 1303 4246 simiam
1316 4194 1461 4254 sicomedii,

901 4303 950 4353 prm
962 4288 1052 4339 Galeno
1062 4287 1235 4351 (ρτωριιουιο
1243 4283 1358 4346 σιραίου)
1369 4284 1435 4332 amai
1445 4284 1553 4330 naturam
1567 4292 1573 4327 :

825 4384 827 4393 ’
901 4390 1006 4440 namque
1017 4377 1064 4426 hoc
1072 4376 1201 4439 pharmaco
1210 4373 1346 4435 jrrrcuescil
1354 4375 1379 4420 et
1389 4370 1496 4432 vigorem
1508 4371 1639 4428 recuperal.

901 4466 1034 4530 Delphinus
1044 4469 1125 4514 aulem
1137 4477 1201 4526 aeger
1211 4462 1311 4525 expellit
1321 4459 1446 4517 morbum,

901 4553 997 4618 quando
1005 4553 1111 4604 comedit
1127 4553 1224 4602 nimium
1238 4552 1328 4614 piscem
1340 4547 1445 4610 copiose.

934 4643 1049 4694 Geminos
1059 4641 1130 4692 enixa
1141 4641 1221 4704 pullos
1233 4637 1274 4688 ubi
1285 4638 1381 4686 iuvenis
1395 4640 1433 4684 eal

902 4731 1143 4794 delphinuslemina,
1155 4727 1249 4792 generis
1259 4721 1432 4776 conservandi
1444 4721 1517 4785 graii·

903 4813 1119 4880 pmlissaianlem,
1131 4817 1159 4865 ul
1170 4813 1278 4877 oportet,
1290 4812 1407 4860 monslrai
1420 4813 1538 4858 naturam.

901 4904 1054 4967 progreditur
1065 4904 1129 4954 enim
1142 4901 1166 4950 in
1177 4899 1281 4950 maxima
1289 4896 1408 4962 pericula,

902 4993 1039 5058 usquedum
1048 4993 1128 5042 veleai
1138 4988 1279 5052 eoseripere
1292 5001 1298 5036 :

901 5088 1011 5147 olquam
1019 5084 1043 5132 ei
1052 5081 1120 5130 liceri
1129 5079 1213 5128 rivere
1225 5073 1284 5126 lutis
1292 5075 1318 5126 in
1329 5073 1438 5136 pascuis,

902 5171 1033 5223 illaslaiim
1044 5167 1265 5233 corrupisset
1276 5161 1424 5226 messinis,
