4028 6042
428 361 447 432 ι]
977 351 1191 412 cannino.

360 491 365 500 '
428 509 507 579 quae
523 484 560 554 in
576 482 716 554 schedis
733 507 830 553 auno
865 481 952 567 ι843
975 481 1096 578 paullo
1119 494 1200 578 post
1220 478 1360 550 obitum
1380 474 1514 547 Lehrsii
1531 475 1680 544 exaratis
1699 497 1750 541 nr·

429 607 510 677 veui
532 621 664 677 notata.

477 735 588 802 Versu
609 753 654 800 ao
677 730 803 826 scripsi
820 734 924 826 λόγῳ,
950 755 990 800 ex
1018 729 1226 822 conjectura
1250 727 1406 814 Pauwii,
1435 750 1503 823 pro
1522 723 1616 818 vulg.
1635 724 1752 817 λόγων,

428 866 502 948 opt.
523 855 622 949 λόγον.
648 849 833 922 lacobsius
853 851 1008 947 conjecit
1036 863 1147 948 ρογῶν.
1176 849 1276 920 Idem
1296 837 1399 919 versu
1426 847 1470 919 23
1493 845 1648 940 conjecit
1670 849 1752 910 εὐτυ-

381 1045 388 1056 ,
427 987 506 1070 χσῖς.
523 975 636 1045 Tenui
649 974 685 1044 iu
701 972 773 1044 boc
795 975 971 1070 scriptore
986 971 1085 1069 quod
1104 972 1204 1044 dedit
1221 989 1293 1068 opt.
1319 980 1455 1068 ιύτυχῇς.
1473 969 1647 1040 Nimirum
1662 992 1680 1036 a
1700 989 1752 1060 pr.

430 1122 476 1166 tu.
494 1095 604 1168 habet
622 1102 747 1194 ιύτύχης
768 1101 980 1192 αὐτοκράτωρ,
1002 1121 1105 1165 usec.
1127 1105 1254 1192 ιύτοχῆς
1273 1099 1467 1190 αι’ντοκράτορ.
1488 1091 1605 1186 Vulgo
1631 1097 1754 1183 εὐτυχὴς

428 1228 493 1290 αὐτ.
508 1263 556 1274 --
575 1225 616 1291 V.
639 1221 684 1290 88
699 1237 771 1315 opt.
799 1217 906 1315 δέρην,
929 1245 1003 1290 nort
1021 1217 1139 1314 δάρρην.
1154 1261 1202 1273 —-
1220 1222 1262 1288 V.
1280 1244 1322 1314 91
1347 1235 1417 1313 opt.
1441 1241 1461 1287 a
1480 1241 1533 1312 pr.
1552 1239 1600 1283 m.
1619 1218 1754 1301 βλάπτοι.

428 1343 554 1441 Suppl.
570 1342 668 1413 solus
686 1347 771 1412 άιτὸν
787 1348 881 1440 λέγει.
896 1384 944 1396 -
967 1346 1008 1412 V.
1031 1366 1095 1436 ¹²7
1119 1340 1227 1412 codd.
1251 1365 1379 1411 ornnes
1399 1342 1603 1436 Αἰγυπτίους,
1626 1332 1756 1432 «quod

430 1465 577 1537 sortasse
599 1465 877 1542 restituendum.
893 1466 1059 1562 suppleto
1071 1479 1178 1564 γῦπας.
1197 1497 1213 1531 υ
1229 1465 1347 1535 Lehrs.
1367 1507 1407 1517 -
1427 1468 1468 1534 V.
1491 1461 1548 1533 161
1568 1476 1642 1557 opt.
1658 1459 1757 1530 solus

432 1613 552 1660 verum
572 1587 734 1658 servavit.
758 1586 959 1681 Legebatur
981 1595 1165 1687 στέργουσιν.
1182 1630 1229 1641 -
1243 1591 1283 1657 V.
1307 1586 1373 1684 176
1392 1587 1427 1655 in
1450 1602 1521 1680 opt.
1541 1581 1568 1654 δ’
1589 1596 1671 1679 post
1685 1587 1757 1650 ὅταν

429 1735 569 1782 erasum
586 1725 650 1780 est.
663 1751 711 1764 ·-
724 1714 765 1780 V.
782 1709 864 1780 3οο.
883 1740 900 1774 «
917 1710 1013 1781 Libri
1028 1737 1155 1781 omnes
1171 1709 1290 1808 [etiam
1305 1707 1447 1806 Suppl]
1463 1706 1640 1794 διαπλέκοι,
1658 1703 1757 1800 quod

430 1858 516 1903 sane
530 1833 675 1903 mirum.
695 1864 711 1898 ιι
736 1832 854 1904 Lelrrs.
874 1839 917 1903 In
934 1833 1109 1904 similibus
1125 1834 1228 1920 locis,
1249 1835 1279 1902 si
1295 1836 1446 1902 Camurn
1463 1830 1607 1917 audias,
1630 1851 1759 1898 omnes
1859 1887 1862 1892 .

429 1959 522 2050 κρίνοι
544 1981 577 2025 ν.
592 1953 678 2051 995,
698 1959 778 2026 θέλοι
795 1982 826 2026 ν.
846 1956 929 2043 344.
951 1956 1020 2027 Sed
1036 1981 1069 2026 v.
1094 1955 1176 2045 300,
1195 1973 1265 2052 opt.
1283 1954 1517 2024 indicativum
1541 1950 1652 2023 habet
1668 1976 1687 2020 a
1703 1975 1757 2047 pr.

431 2102 494 2168 m.,
515 2103 546 2147 v.
562 2075 631 2174 995
645 2078 834 2163 intactum,
851 2104 885 2149 v.
903 2077 973 2166 344
994 2079 1079 2150 item
1101 2082 1180 2149 θέλιι
1196 2078 1386 2149 intactum.
1404 2116 1452 2130 -
1470 2080 1512 2146 V.
1539 2074 1608 2146 316
1625 2072 1759 2170 θρύὸεται

429 2211 520 2294 (non
539 2198 687 2296 θρίὸιτοιι)
710 2225 836 2271 omnes
855 2215 891 2271 et
910 2203 985 2298 ipse
1001 2203 1182 2272 Arsenius.
1215 2201 1274 2271 Sic
1295 2227 1326 2270 v.
1353 2200 1443 2295 1307
1467 2195 1629 2294 διαθρύὸιι.
1648 2237 1694 2250 -
1719 2200 1759 2268 V.

433 2321 502 2418 349
517 2341 585 2419 opt.
609 2328 773 2419 θαυμάσει,
795 2350 827 2394 ν.
852 2323 922 2420 398
942 2327 1116 2420 θαυμάσεις,
1136 2325 1198 2395 sed
1229 2324 1264 2426 iu
1294 2323 1351 2394 his
1379 2322 1429 2393 ob
1450 2346 1556 2392 usum
1576 2319 1763 2417 scriptoris

367 2527 372 2538 ,
431 2444 681 2541 subjunctivus
696 2471 770 2516 non
789 2448 935 2516 mutavi.
956 2452 1084 2545 dperto
1100 2447 1288 2517 iotacismo
1308 2471 1341 2516 ν.
1361 2444 1432 2516 366
1448 2461 1517 2540 opo
1534 2447 1762 2539 άσιπνίγιι.-

433 2609 481 2620 -
495 2570 534 2637 V.
553 2565 623 2664 375
642 2584 712 2662 opt.
729 2573 816 2663 ὅνπερ
837 2566 990 2664 praebet,
1010 2591 1083 2638 non
1100 2573 1170 2663 ὅπερ
1185 2567 1285 2663 quod
1304 2565 1435 2653 ceteri,
1459 2563 1550 2635 male
1573 2564 1761 2635 defensum

430 2686 598 2770 aPlrileta
610 2688 837 2784 (Dorvilliol)
852 2690 888 2759 in
906 2691 1003 2760 Misc.
1025 2688 1132 2760 Obss.
1150 2690 1220 2760 vol.
1238 2693 1296 2777 Vl,
1316 2714 1351 2785 p.
1371 2685 1453 2775 455.
1469 2729 1516 2740 -
1542 2691 1579 2757 V.
1598 2685 1662 2758 581
1686 2700 1761 2781 opt.

432 2811 561 2882 iterum
580 2813 679 2882 solus
700 2813 854 2883 servavit
872 2823 939 2893 ταῖς
959 2821 1081 2906 ῥοπαῖς,
1101 2813 1201 2910 quod
1217 2838 1343 2883 verum
1367 2837 1445 2883 esse
1467 2810 1698 2905 cognoscitur
1720 2835 1762 2879 ex

432 2962 462 3005 v.
482 2933 578 3025 583,
608 2940 640 3008 οὗ
659 2934 754 3033 μηδὲν
778 2942 970 3035 ἀγώγιμον
997 2949 1016 3016 ἠ
1043 2943 1236 3036 πλάστιγξ
1261 2945 1350 3034 ρι’ρει.
1380 2938 1495 3009 Ceteri
1516 2948 1585 3018 ταῖς
1604 2946 1694 3032 ῥοαῖς.
1717 2977 1764 2988 -

432 3064 541 3132 Versu
561 3057 631 3157 596
644 3092 674 3132 τι
690 3066 742 3132 καὶ
767 3063 900 3132 mutavi
923 3062 960 3132 in
976 3072 1057 3154 νικᾷ,
1079 3063 1282 3157 cujusmodi
1297 3062 1434 3157 aliquid
1453 3062 1631 3132 sententia
1642 3076 1767 3158 postu·

431 3183 478 3253 lat
503 3211 511 3253 :
545 3209 629 3256 nam
654 3185 822 3255 Arsenius
846 3200 881 3256 et
905 3184 1011 3256 codd.
1042 3184 1177 3256 babent
1206 3187 1312 3280 πτερόν
1335 3215 1372 3254 τι
1398 3185 1460 3254 καὶ
1488 3189 1619 3281 χρὼς
1644 3188 1687 3253 At
1714 3182 1764 3252 la-

431 3305 520 3376 tebit
545 3306 644 3378 aliud
672 3307 887 3379 vocabulum
917 3310 946 3376 si
974 3306 1138 3379 librarius
1165 3308 1293 3403 optimi
1320 3307 1403 3378 cod.
1435 3309 1470 3377 in
1498 3313 1605 3403 πτερὸν
1634 3304 1675 3376 δὲ
1702 3308 1765 3376 καὶ

433 3431 513 3521 χνὼς
531 3425 597 3520 (sic
608 3429 758 3496 Carnus:
778 3425 840 3496 sed
855 3432 934 3523 χρὼς
951 3428 1073 3523 potius
1087 3425 1164 3496 vult
1184 3426 1242 3497 ille
1263 3427 1390 3498 calami
1405 3427 1549 3520 ductus)
1573 3451 1647 3497 nou
1664 3427 1766 3497 aber·

431 3549 522 3619 ravit
543 3533 589 3619 ad
605 3575 711 3620 voces
727 3548 782 3620 his
794 3574 949 3647 superne
969 3551 1157 3647 impositas
1171 3557 1289 3621 ἐνώτιον
1308 3549 1347 3622 δὲ
1363 3554 1426 3621 καὶ
1526 3576 1609 3622 narn
1636 3550 1672 3620 iu
1695 3548 1767 3619 hoc

432 3670 569 3758 codice,
592 3685 632 3742 ut
644 3671 682 3742 in
705 3671 824 3742 multis
841 3671 936 3761 aliis,
951 3673 1106 3744 duarum
1125 3673 1377 3745 columnarum
1400 3673 1566 3745 versiculi
1587 3697 1663 3744 sese
1679 3672 1766 3742 exci-

432 3795 539 3892 piunt
558 3794 705 3889 singuli,
729 3818 802 3865 non
821 3795 992 3866 universi.
1016 3801 1134 3867 Locus
1153 3795 1252 3866 haud
1267 3795 1378 3866 dubie
1392 3810 1454 3867 aut
1472 3811 1646 3892 corrupto
1664 3819 1768 3865 voca·

432 3914 526 3985 bulo
541 3915 663 4011 aliquo
689 3930 750 3984 aut
776 3915 892 4010 (quod
918 3915 1158 4014 probabilius)
1179 3916 1308 3988 lacuna
1334 3916 1485 3988 laborat.
1501 3959 1548 3971 -—
1568 3921 1609 3987 V.
1631 3916 1699 3988 611
1726 3941 1767 3986 ex

432 4049 508 4130 opt.
528 4033 700 4104 Lehrsius
716 4036 850 4131 recepit
870 4043 1011 4132 ιύστιράς
1027 4061 1095 4133 pro
1108 4037 1203 4132 vulg.
1223 4041 1383 4126 ιύσταθιῐς,
1410 4037 1511 4133 quod
1529 4052 1696 4133 praestare
1717 4037 1768 4106 vi·

433 4154 549 4225 detur.
580 4155 790 4227 Praecedens
811 4156 1010 4254 ὲρυθροὸαρής
1036 4173 1127 4256 puto
1151 4184 1319 4239 errorem¹
1336 4161 1373 4230 io
1402 4160 1657 4230 terminatione
1677 4162 1766 4230 inse·

433 4281 578 4375 quentis
594 4278 761 4372 adjectivi
774 4281 1023 4377 peperisse—
1040 4284 1082 4353 V.
1095 4283 1167 4367 624
1185 4300 1254 4379 opt.
1274 4291 1389 4364 ἑαυτῆς.
1410 4282 1500 4353 Male
1514 4284 1620 4377 vulgo
1638 4291 1767 4365 ἑαυτοῖς.

433 4443 480 4456 -
498 4407 540 4473 V.
566 4402 635 4474 825
654 4419 725 4498 opt.
741 4409 871 4482 σκύλλης
890 4401 1001 4474 babet
1022 4403 1210 4474 intactum.
1228 4447 1275 4458 -
1294 4408 1332 4474 V.
1350 4407 1421 4500 894
1442 4415 1545 4500 ριστιῖ
1560 4422 1632 4501 opt.
1654 4408 1770 4477 Ceteri

433 4531 542 4620 ῥίπτει.
553 4527 654 4596 -V.
671 4549 742 4620 9¹2
759 4525 945 4596 lacobsius
959 4528 1116 4611 conjecit
1133 4524 1307 4620 σρυὸσὶλλιι.
1327 4525 1428 4596 Idem
1444 4552 1547 4597 versu
1562 4525 1634 4623 950
1654 4530 1684 4598 ιῦ
1703 4553 1771 4625 pro
1872 4555 1875 4562 ·

433 4656 479 4735 οὐ,
498 4648 597 4743 quod
621 4649 809 4744 recepi.-
826 4652 868 4718 V.
894 4644 984 4742 ¹¹59
1001 4649 1133 4717 mirum
1148 4663 1200 4718 est
1222 4649 1324 4745 quod
1347 4649 1481 4746 legitur
1494 4654 1547 4720 καὶ
1566 4657 1772 4751 μητροπάτωρ

434 4778 488 4841 οὐκ
505 4768 564 4876 οἷδ’
582 4777 663 4850 ὅπως
680 4774 816 4867 γίνεται,
833 4783 1001 4864 correpto
1016 4769 1196 4840 vocabulo
1216 4767 1282 4841 οἶδ’.
1311 4775 1389 4842 Ηοο
1406 4771 1576 4868 equidem
1598 4775 1773 4848 excidisse

435 4909 525 4991 puto
545 4892 654 4964 Philae
673 4918 739 4989 per
761 4889 1067 4963 consuetudinem
1098 4891 1330 4987 politicorum
1350 4918 1539 4984 versuum,
1571 4897 1607 4968 in
1637 4899 1772 4994 quibus

436 5016 613 5088 vocabula
630 5018 665 5085 iu
686 5040 794 5086 unam
808 5013 955 5110 phrasin
974 5026 1071 5082 arcte
1090 5018 1285 5109 conjuncta
1304 5041 1381 5087 uno
1400 5033 1436 5088 et
1455 5021 1604 5115 proprio
1619 5039 1769 5094 accentu

436 5142 672 5238 proferuntur
692 5153 862 5232 tanquam
882 5133 1099 5204 vocabulum
1125 5161 1261 5220 uuum,
1286 5137 1500 5222 οὐκσιδόππυς.
1531 5146 1664 5216 Struvii
1682 5172 1767 5217 con-
