4058 6092
329 515 371 560 xx
1007 493 1222 558 canturio.

360 633 388 678 ln
400 628 510 678 Meinetii
522 629 643 677 erutione:
845 635 873 680 tu
885 631 930 679 trac
941 629 1063 678 editione:
1173 635 1199 680 tn
1211 631 1321 681 tteinetii
1333 633 1456 684 editione:
1660 633 1743 682 tubae
1753 629 1884 682 editione:

372 736 435 772 ιιι.
459 716 524 773 teet
532 760 898 776 ..................
905 716 957 775 ἀπὸ
973 716 1014 795 (ι’)
1203 743 1246 778 ιο.
1269 723 1430 792 ὑποπτεύηοι
1437 764 1684 782 .............
1690 718 1858 799 ὓποπτείῃσι
1874 719 1919 796 (ι)

372 807 435 861 tati.
457 806 520 884 λαιῇ
528 848 916 864 ...................
925 805 991 884 ἄλλῃ
1006 804 1046 880 (3)
1202 831 1246 867 ιο.
1269 808 1353 867 καλ-
1360 808 1466 887 βλέπον,
1481 803 1564 889 εἶχεν.
1578 854 1585 867 .
1599 855 1605 868 .
1619 807 1822 888 ,χαί-βλέπος
1836 797 1918 886 εἶχον

372 893 435 950 150.
457 893 601 972 ἀλλοτρίοις
608 936 893 952 ...............
899 893 1013 951 ἀλλοιοιν
1418 896 1534 976 ἀνάγκαν
1733 897 1853 974 ἀνάγκας
1870 895 1917 976 (ο)

371 979 434 1037 153.
455 981 514 1040 τάδ’
528 979 603 1038 ίειπα
611 1023 897 1041 .............
904 982 967 1047 ord<
981 973 1042 1039 εἶπα
1200 1003 1245 1040 nn.
1268 985 1352 1054 λυπῆν
1360 1027 1667 1045 ................
1680 986 1771 1043 λυπεῖν
1782 985 1911 1062 ziegter.

370 1069 434 1126 166.
456 1072 504 1127 νῶι
510 1112 937 1130 ......................
944 1067 1015 1146 ἀμμι
1200 1074 1246 1130 23.
1269 1071 1385 1152 ἀταρπόν
1393 1116 1679 1132 ...............
1685 1070 1824 1154 ἀταρπίων
1837 1073 1882 1150 (3)

370 1158 433 1226 178.
455 1154 535 1216 ditor
541 1199 970 1217 ......................
977 1156 1052 1215 ἄλλοι
1200 1167 1245 1226 do.
1266 1159 1297 1216 cb
1311 1160 1334 1216 δ’
1348 1150 1381 1217 αὖ
1387 1200 1755 1219 ..................
1762 1158 1817 1216 τόδ’
1829 1148 1866 1216 ad

370 1244 433 1301 183.
455 1249 491 1312 είς
498 1289 682 1306 ..........
698 1288 703 1297 -
716 1286 885 1303 .........
893 1247 963 1309 inex
977 1246 1051 1322 conj.
1200 1257 1245 1315 da.
1267 1246 1321 1323 εἴγε
1331 1246 1468 1315 διαλλάξας
1478 1271 1511 1323 με
1520 1245 1621 1330 ιρι-..ἤν
1632 1269 1661 1304 σε
1671 1246 1811 1326 διαλλάξῃς
1821 1270 1857 1322 με
1870 1270 1914 1326 φι-

368 1334 433 1400 184.
454 1333 555 1413 προίταν
563 1379 772 1394 ...........
788 1379 790 1384 -
806 1376 893 1392 .....
899 1335 1006 1414 πρώταν
1453 1335 1543 1400 λάσιις
1767 1333 1852 1398 idea<
1867 1335 1911 1414 (4)

368 1420 433 1491 187.
453 1423 585 1502 πράτιστα
593 1466 901 1483 ................
909 1420 1045 1500 πρώτιστα
1200 1422 1245 1478 60.
1268 1422 1353 1479 αὐτῶν
1361 1464 1730 1483 ...................
1738 1422 1862 1500 αὖτῶ(6)

367 1527 431 1583 190.
453 1510 481 1567 ἰν
496 1509 611 1570 irrisores
619 1553 825 1570 ...........
832 1507 871 1567 ἔνι
884 1512 990 1568 δεινοῖσι
1001 1510 1043 1588 (4)
1200 1512 1244 1585 59.
1266 1504 1480 1592 ἵστατ’-Ἔρως
1489 1507 1571 1569 aad.
1584 1508 1751 1574 ,ἵππι’-ἐς
1764 1508 1858 1569 ὕδατα·
1869 1515 1911 1593 τῷ

370 1615 431 1670 191.
454 1596 510 1678 oiop’
525 1599 555 1656 ίκ
573 1601 685 1657 κολιοῖιν
693 1643 819 1658 .......
827 1596 875 1678 ἄορ
892 1599 922 1654 ἐκ
935 1599 1035 1656 κολεοῖο
1052 1598 1090 1676 (5)
1474 1621 1526 1656 των
1603 1677 1605 1681 Ι
1806 1599 1829 1656 δ’
1841 1597 1888 1678 (6)

366 1686 430 1760 193.
452 1688 488 1751 εἰς
495 1727 944 1746 .......................
951 1684 988 1750 ἐτ’
1465 1702 1574 1758 xxiv.

364 1774 428 1831 203.
450 1776 500 1839 είς.
514 1816 940 1834 ......................
949 1776 974 1840 ἐς
1201 1786 1245 1835 18.
1267 1776 1416 1858 αἱμοὸόρως
1422 1817 1609 1837 ..........
1615 1775 1771 1858 αἱμοὸόρονς
1781 1797 1818 1834 ex
1828 1776 1910 1855 conj.

363 1862 430 1922 008.
453 1862 559 1939 τύμὸω.
572 1908 579 1921 .
593 1911 599 1924 .
613 1907 638 1922 ..
653 1853 729 1923 ...ζ’
732 1906 901 1923 .........
906 1861 1007 1940 τιίμὸον
1021 1863 1062 1940 (6)
1199 1884 1244 1922 ao,
1265 1854 1343 1936 ἦλθον
1351 1906 1739 1925 ....................
1745 1854 1822 1936 ἦνθον

364 1967 429 2007 21¹1.
451 1949 519 2009 οὕτω
526 1993 772 2010 .............
783 2015 785 2022 y
786 1992 933 2010 ........
941 1947 1022 2015 οὕτως
1200 1964 1244 2016 30.
1267 1952 1403 2032 σπιίρῃοιν
1411 1994 1697 2012 ...............
1705 1951 1855 2031 σπείραισιν

364 2055 429 2096 220.
452 2041 584 2110 ἀϋτῆς...
598 2039 605 2097 ’.
618 2081 924 2099 ................
932 2041 1011 2104 αὐτᾶς
1198 2042 1243 2098 36.
1264 2048 1331 2106 τεοῖς
1337 2083 1766 2101 ......................
1773 2043 1824 2105 ἑοῖς

650 2143 765 2199 xxm,
1197 2131 1243 2186 38.
1265 2128 1330 2208 nimpi
1342 2151 1395 2186 που
1409 2127 1462 2186 οἵδε
1469 2171 1616 2190 ........
1624 2127 1690 2210 nimpi
1701 2151 1768 2196 που,
1782 2130 1807 2186 οἱ
1822 2126 1850 2187 δι’
1862 2129 1910 2207 (7)

402 2219 428 2276 6.
450 2220 497 2274 κάν
505 2261 832 2278 .................
839 2221 887 2289 κήν
909 2217 1085 2276 Winterton.
1198 2218 1243 2292 39.
1263 2218 1409 2298 ἠριγενείης
1416 2260 1703 2278 ...............
1709 2217 1857 2296 ἠριγενείας

324 2383 432 2449 tendatis)
443 2384 620 2451 interpretantis
633 2401 683 2434 esse
694 2383 788 2434 ridetur
801 2399 844 2432 nee
861 2385 914 2449 pins
930 2382 1009 2433 valere
1019 2400 1088 2449 quam
1137 2395 1209 2445 10012
1220 2394 1312 2446 Adnot,
1325 2395 1352 2445 in
1365 2399 1452 2446 nevar.
1465 2400 1486 2444 1.
1502 2411 1527 2460 p.
1548 2396 1593 2444 ns
1615 2410 1668 2460 sqq.
1683 2410 1713 2444 ate
1731 2394 1846 2443 omittunt
1860 2403 1913 2444 tres

323 2459 376 2508 ἀντὶ
390 2459 434 2510 6οὖ
449 2462 485 2510 Vel
496 2461 582 2524 ἤγουν·
1137 2468 1219 2532 codd„
1232 2470 1281 2520 duo
1295 2469 1385 2520 hubent
1397 2469 1448 2520 οὐδ’
1464 2469 1530 2520 οὗτοι
1541 2470 1649 2520 winoci.
1659 2473 1731 2521 —V.
1745 2472 1776 2518 so
1788 2484 1842 2533 sqq.
1855 2473 1912 2520 No·

356 2536 391 2597 (²)
410 2535 465 2585 Ἀπό
477 2537 545 2587 vm·
561 2540 592 2586 A·
609 2539 636 2585 C·
654 2533 726 2600 (apu‘i
740 2531 897 2599 miletum),
911 2532 968 2584 Ald-
983 2530 1089 2583 3¹⁰⁰&-
1139 2560 1193 2594 vum
1205 2544 1339 2610 pericnlum
1351 2544 1395 2594 hos
1408 2561 1488 2595 versus
1497 2544 1640 2594 emendandi
1654 2543 1708 2594 iecit
1718 2548 1871 2593 Hermannns
1884 2545 1911 2594 iu

324 2609 452 2675 Kiesinng.
466 2609 529 2661 Gaii.
540 2639 572 2646 —
582 2613 614 2658 V.
630 2626 686 2660 τοι.
700 2608 746 2658 Hic
763 2624 844 2657 tersus
859 2607 925 2656 deest
940 2607 966 2657 in
980 2605 1091 2656 omnibus
1138 2618 1222 2669 Jahnfi
1231 2619 1330 2670 man,
1343 2619 1404 2686 phu·
1420 2630 1445 2669 ,γ
1466 2621 1557 2687 padag·
1576 2635 1600 2672 tt.
1621 2624 1694 2677 1341,
1713 2619 1761 2669 vot,
1779 2622 1909 2671 xxm·

325 2683 373 2732 iere
384 2684 507 2735 codicibus
518 2696 541 2734 et
549 2684 669 2735 veteribus
678 2682 834 2743 editionibus,
847 2682 973 2749 ideoque'a
982 2681 1090 2740 Reiskio,
1138 2693 1195 2744 fasc,
1211 2698 1235 2744 3.
1249 2711 1274 2760 p.
1286 2697 1335 2743 260
1344 2711 1398 2760 sqq.
1412 2694 1458 2745 hoc
1470 2693 1556 2744 modo:

325 2761 451 2820 wartono,
463 2764 504 2810 ii.
517 2758 639 2820 incohato,
649 2763 827 2809 Wiistcmanno
840 2757 866 2808 iu
878 2757 1036 2825 suspicionem
1049 2773 1089 2806 νο-

324 2843 389 2885 catus
404 2843 476 2900 atque
489 2852 501 2883 a
515 2835 638 2886 Bruncitio
649 2835 697 2900 jam
716 2834 805 2899 ejectus
819 2842 862 2883 est.
881 2837 931 2900 Ego
950 2850 1005 2883 eum
1024 2833 1090 2882 uncis

324 2908 419 2961 incinsi.
430 2910 579 2960 Bruncltium
597 2919 691 2961 secutus
701 2919 736 2959 est
747 2909 849 2974 Ziegier.

357 2984 393 3048 (3)
410 2984 451 3034 8ῖο
461 2985 564 3035 correxit
581 3003 611 3035 ex
622 2987 760 3051 conjectura
773 2988 799 3036 J.
820 2989 851 3036 tt.
867 2987 940 3035 Voss.
958 2984 1091 3048 &temptasses

325 3076 349 3124 p.
365 3077 418 3123 ¹9⁰·
431 3077 460 3110 ex
475 3061 545 3114 codd.
557 3060 683 3110 ediderunt
699 3059 857 3109 Boissouadns
875 3069 947 3124 atque
959 3060 1088 3125 Ziegicrus.
1138 3055 1166 3098 1¹¹
1180 3053 1267 3118 quibus
1281 3054 1391 3122 displicet
1403 3055 1478 3104 ἁνίκα
1492 3053 1665 3120 postpositum,
1677 3051 1741 3117 qnod
1758 3053 1808 3116 jam
1828 3052 1910 3103 voluit

1188 2794 1283 2845 Λευκὸν
1297 2798 1326 2844 τὸ
1339 2796 1421 2860 κρίνον
1434 2796 1498 2845 ἐστί·
1514 2794 1745 2860 primisecundum,
1756 2793 1848 2844 πίπτει.

1189 2870 1241 2918 ddi
1253 2871 1312 2936 χιὼν
1325 2870 1414 2919 λευκά·
1427 2870 1592 2919 κατατάκεται
1602 2867 1674 2928 ἁνίκ’,
1691 2869 1787 2940 dempsi.

1187 2943 1229 2992 καὶ
1243 2946 1272 2993 τὸ
1282 2945 1370 2999 θάλος
1384 2945 1457 2993 καλὸν
1469 2943 1522 2993 ἔστι
1536 2944 1564 2993 τὸ
1576 2943 1696 3002 παιδικόν,
1706 2940 1756 2992 ἀλλ’
1766 2942 1847 3006 ὀλίγον
1867 2946 1909 3016 ζῇ.

229 3188 234 3198 .
324 3134 378 3208 λαιῇ
392 3134 453 3183 nihii
465 3135 529 3185 aliud
547 3152 597 3185 esse
610 3134 705 3185 videtur
713 3135 758 3183 nisi
769 3135 892 3201 glossema,
903 3133 969 3199 qnod
983 3134 1008 3183 in
1018 3132 1089 3183 verba
1138 3125 1265 3191 Briggsbn.
1278 3131 1339 3177 Tum
1350 3145 1403 3194 quoe
1414 3132 1565 3177 Hermannns
1578 3127 1608 3175 de
1621 3125 1699 3176 verbis
1710 3126 1751 3176 καὶ
1761 3125 1849 3181 κάλλος
1862 3143 1910 3176 κα·

324 3217 399 3273 poetro
412 3209 517 3276 irrepsit.
1137 3201 1178 3249 λόν
1194 3203 1246 3252 ἐστι
1256 3203 1285 3252 τὸ
1295 3204 1407 3254 παιδικόν
1422 3203 1496 3269 dixit,
1510 3202 1604 3252 ridetur
1617 3199 1707 3267 ingenii
1724 3201 1848 3266 sagacitate
1861 3201 1909 3250 ab·

356 3285 391 3349 (q)
408 3290 466 3335 Haec
483 3295 518 3336 est
544 3287 651 3335 omnium
674 3285 790 3335 librorum
812 3285 938 3350 scriptura.
960 3282 1089 3350 Epitheton
1137 3275 1221 3327 duetus
1235 3280 1339 3344 argutius
1356 3295 1427 3345 quatu
1443 3279 1522 3329 verius
1533 3277 1662 3330 monuisse.
1673 3277 1739 3326 Taiia
1751 3275 1814 3325 enim
1823 3292 1910 3326 exem-

323 3369 445 3424 sumptum
459 3369 495 3409 est
509 3375 541 3409 ex
554 3364 627 3411 Hom.
638 3360 669 3410 ΙΙ,
681 3357 783 3419 712245.
799 3359 857 3408 26⁶.
873 3355 906 3415 u‘.
919 3358 977 3421 259.
991 3357 1021 3416 ε’,
1032 3362 1087 3422 739.
1139 3353 1183 3419 piis
1192 3353 1308 3404 similibus
1319 3354 1414 3405 defendi
1424 3354 1602 3422 possunt.Mihi
1611 3354 1727 3421 probatur
1739 3354 1813 3404 ἁνίκα
1821 3353 1909 3404 πίπτει

323 3432 355 3490 κ’,
370 3436 428 3491 054.
441 3451 499 3496 ²7²·
518 3444 541 3483 et
553 3435 643 3499 optime
660 3435 761 3499 quadrat
780 3433 803 3481 in
819 3432 954 3498 precedens
969 3433 1088 3498 euprepes
1138 3436 1162 3477 et
1174 3427 1238 3480 ἁνίκ’
1253 3429 1346 3496 ἐπάχάη
1361 3431 1410 3479 sive
1421 3431 1495 3481 ἁνίκα
1508 3429 1603 3497 πάχθη,
1624 3429 1649 3478 ῖο
1671 3427 1767 3494 reliquis
1780 3436 1862 3477 autem
1886 3429 1910 3478 is

323 3505 403 3574 ἔγχος.
416 3513 477 3558 Tum
492 3509 666 3575 praepositionis
675 3517 798 3558 occentum
809 3507 897 3556 retraxi
910 3522 940 3555 ex
952 3507 1089 3572 gravissimo
1138 3505 1195 3570 ipse,
1204 3505 1246 3571 qui
1258 3505 1304 3556 hoc
1315 3522 1413 3556 carrueu
1421 3506 1562 3572 composuit,
1577 3503 1788 3571 reprehendendus
1801 3502 1908 3564 ridetur,

322 3584 454 3633 Aristarchi
470 3593 598 3650 praecepto.
609 3584 712 3634 Eandem
722 3592 817 3633 secutus
823 3599 875 3632 sum
887 3599 992 3633 normann
1005 3589 1087 3635 xvtt.
1138 3595 1215 3645 neque
1228 3581 1331 3635 librarii.

271 3705 275 3712 ,
326 3661 379 3708 ιο6.
391 3663 486 3709 xvnt.
501 3662 542 3710 58.
556 3662 639 3710 xxtt.
656 3669 697 3723 94.
712 3666 768 3723 159.
782 3658 877 3710 Mosch.
892 3663 926 3707 ΙΙ.
942 3661 996 3709 131.
1170 3655 1206 3719 (t)
1224 3655 1368 3705 Dubitanter
1375 3657 1454 3722 recepi
1464 3654 1568 3720 quodex
1578 3653 1686 3705 codicum
1698 3653 1799 3706 lectione
1811 3653 1909 3704 effinxit

355 3735 391 3798 (5)
410 3738 490 3798 Quum
501 3732 576 3783 dnaiis
588 3736 691 3786 κολεοῖιν
702 3733 726 3782 in
740 3733 787 3782 hoc
798 3733 893 3798 quidem
904 3733 1088 3782 carmineetiatn
1137 3730 1306 3782 buissonadus.
1327 3731 1455 3781 Difficilem
1475 3746 1525 3778 esse
1541 3729 1567 3778 iu
1585 3729 1631 3779 boc
1648 3730 1699 3778 ioco
1716 3729 1839 3796 optionem
1855 3731 1909 3794 jam

321 3807 353 3857 ob
365 3809 465 3857 formam
480 3819 603 3876 suspectus
614 3810 651 3868 sit,
664 3809 746 3875 scripsi
756 3825 784 3857 ex
798 3808 895 3874 optimis
904 3807 1026 3857 codicibus
1035 3825 1088 3856 cunr
1137 3805 1272 3854 observavit
1289 3803 1391 3857 Lobeck.
1405 3813 1461 3858 Act.
1471 3821 1521 3857 soc.
1536 3809 1580 3858 Gr.
1594 3809 1629 3854 tt.
1642 3822 1667 3871 p.
1686 3809 1743 3868 295.
1760 3813 1812 3856 not.
1827 3805 1854 3857 8.
1868 3809 1908 3855 De

322 3883 443 3934 ttrunrkio
455 3895 479 3933 et
490 3885 638 3935 Boissonado
651 3886 755 3935 κολεοῖο.
768 3884 855 3934 Εοολειιι
875 3893 908 3931 cst
920 3883 991 3932 tectio
1008 3883 1087 3935 Senot.
1136 3879 1211 3930 serbo
1223 3881 1275 3953 ζῇν,
1286 3880 1306 3929 si
1318 3881 1364 3930 hoc
1376 3882 1428 3931 loeo
1439 3897 1523 3931 sanum
1535 3889 1580 3944 est,
1594 3881 1644 3932 sid.
1658 3879 1765 3931 ttiusch.
1775 3880 1868 3932 Adnot.
1881 3882 1908 3930 in

320 3959 383 4024 apud
395 3958 500 4008 Gaiiinm
510 3976 518 4011 ε
529 3963 580 4015 «Oi
590 3959 617 4010 δὲ
636 3961 721 4024 ξίφος
740 3959 769 4008 ἐκ
780 3955 902 4018 κολεοῦ,
916 3959 944 4006 ἐκ
958 3959 1001 4017 τῆς
1015 3959 1090 4017 θήκης
1139 3953 1389 4006 ttom.0d.vot.111.
1403 3974 1429 4023 p.
1445 3966 1492 4019 ιγ),
1504 3965 1557 4006 not.

321 4035 487 4090 ἑλκύσαντες»
500 4037 554 4085 κτλ.
568 4035 667 4093 Hiatus,
685 4051 757 4100 quem
768 4035 794 4082 iu
810 4033 906 4083 κολεοῖο
927 4033 1088 4097 ἐρνοοαμὲνω
1170 4031 1208 4095 (6)
1225 4035 1261 4080 Ita
1274 4047 1329 4080 enm
1342 4030 1508 4081 Biudemanuo
1518 4028 1627 4095 (Adnot.
1642 4029 1668 4079 iu
1682 4029 1908 4096 interpretationem

320 4101 484 4158 reionnidasse
498 4107 624 4169 ridentur,
634 4111 723 4175 justam
741 4109 814 4158 habet
831 4107 1007 4157 exeusationem
1022 4117 1045 4156 ct
1057 4108 1088 4158 ob
1135 4107 1293 4172 germanicam
1308 4123 1362 4174 pag.
1379 4110 1437 4174 383)
1447 4116 1471 4156 et
1489 4105 1644 4158 Bobsonado.
1657 4104 1723 4153 Idam
1735 4105 1831 4154 admisit
1850 4107 1906 4156 Zie-

320 4181 435 4246 digamma
451 4182 559 4232 aeoiioum
577 4193 602 4233 et
612 4183 645 4235 ob
656 4183 786 4249 genitivum
802 4184 827 4232 in
845 4201 882 4232 οιο
895 4193 1032 4234 exeuntem.
1050 4185 1080 4234 Ci
1137 4183 1195 4248 pter.

323 4261 349 4307 C.
363 4264 396 4307 A.
410 4264 434 4308 Ι.
448 4260 586 4324 Hoffioann.
602 4264 778 4325 Questttom.
795 4259 840 4308 voi.
855 4263 874 4309 t.
894 4277 920 4325 p.
941 4261 981 4310 85.
995 4259 1087 4308 Ouxise·
1169 4257 1207 4323 (6)
1225 4262 1241 4308 J
1244 4274 1286 4306 ure
1300 4257 1402 4307 offendit
1411 4257 1436 4307 iu
1446 4255 1703 4322 collationepartieuiae
1716 4255 1757 4303 καὶ
1767 4257 1802 4303 Μ.
1813 4257 1906 4323 Haupt.

321 4342 376 4382 runt
388 4333 459 4400 huius
468 4333 561 4399 generis
572 4335 689 4402 genitivos
699 4335 724 4383 in
735 4334 849 4395 doctrina,
864 4342 962 4399 quaeest
975 4334 1089 4401 debiam,
1136 4335 1237 4385 Obsern.
1254 4334 1308 4384 crit.
1321 4352 1349 4402 p.
1363 4336 1394 4382 65
1414 4351 1450 4399 sq.
1466 4349 1544 4399 neque
1561 4341 1639 4382 tamen
1659 4339 1727 4396 putat
1740 4329 1805 4379 hune
1823 4329 1905 4381 locum

320 4408 474 4458 recentissimi
490 4427 586 4476 quoque
603 4409 759 4474 grammatici,
775 4415 802 4459 (1.
821 4413 847 4460 S.
862 4413 967 4474 liniger.
988 4411 1035 4462 toi.
1054 4415 1077 4459 tt
1135 4419 1275 4476 corruptum
1284 4427 1343 4462 esse.
1357 4411 1403 4460 Sed
1412 4410 1535 4476 scripturas
1548 4407 1729 4474 discrepantiam
1742 4405 1906 4458 consideranti

318 4486 335 4550 S
347 4501 386 4534 11.
400 4500 425 4533 ο.
436 4484 492 4536 adn.
507 4503 531 4544 ο,
545 4494 618 4552 atque
628 4485 767 4536 Mehiborn.
783 4485 800 4550 5
814 4502 870 4546 1⁰7·
1136 4485 1237 4534 dubium
1248 4501 1299 4534 esse
1309 4485 1348 4534 vix
1363 4495 1452 4552 potest,
1464 4485 1524 4550 quin
1536 4483 1630 4550 Higtius
1647 4483 1735 4532 ίοτατο
1747 4491 1811 4530 reete
1823 4496 1905 4532 ooste-

353 4563 388 4624 (6)
406 4565 441 4609 Ex
454 4565 658 4626 conjecturarum
678 4560 971 4628 Miihimann.1.ag.diai.
988 4579 1013 4628 p.
1031 4573 1086 4617 rot.
1136 4559 1198 4609 xerit
1209 4559 1235 4609 in
1249 4562 1339 4611 ἵπτατο
1353 4570 1425 4626 atque
1437 4559 1551 4610 iteratim
1562 4558 1653 4608 exitum
1664 4573 1746 4607 nemus
1764 4573 1819 4606 nere
1834 4558 1904 4607 resti·
2001 4559 2002 4608 i

353 4637 388 4700 (ι)
406 4640 466 4684 Cum
480 4638 576 4688 Graefio.
589 4640 646 4688 Non
664 4637 743 4685 vincet
754 4635 843 4702 opinor
857 4635 1022 4700 Naegelsbach.
1037 4639 1088 4687 Ad·
1135 4637 1218 4688 tuerit.
1233 4640 1369 4703 Utrumque
1379 4636 1451 4702 igitur
1461 4636 1615 4701 conjunctum
1629 4633 1707 4698 recepi
1718 4631 1833 4698 probante
1843 4637 1904 4683 Her-

319 4720 371 4763 not.
388 4711 415 4760 in
428 4713 456 4763 ii.
471 4731 496 4779 p.
508 4715 557 4771 246
569 4729 622 4780 sqq.
639 4713 677 4765 Cf.
693 4711 806 4778 Groslaos
813 4714 836 4761 in
851 4712 954 4779 Ephem.
967 4713 1087 4765 scholiast.
1136 4728 1224 4762 manno
1235 4712 1259 4760 in
1270 4711 1354 4762 Jahnii
1368 4712 1463 4764 Annali
1478 4710 1495 4763 i.
1507 4711 1525 4763 1.

319 4803 341 4837 a.
361 4790 433 4836 1832.
447 4798 504 4839 sect.
519 4793 552 4840 11.
563 4807 589 4855 p.
600 4791 649 4853 969
672 4806 726 4855 sqq.
740 4789 926 4854 conjunctivum
936 4790 985 4855 jam
998 4791 1089 4857 ubique
1167 4787 1202 4850 (7)
1220 4787 1293 4851 Quod
1307 4785 1419 4838 Schaeier.
1433 4786 1568 4851 conjectura
1580 4792 1741 4834 assecutnsest
1750 4793 1822 4848 atque
1834 4785 1903 4833 Gais-

319 4861 493 4928 restituitapud
502 4867 634 4913 Homerum
645 4869 666 4917 t.
677 4865 791 4924 Bettker„
803 4864 827 4913 id
840 4865 904 4930 qnod
920 4865 1024 4931 apertius
1036 4881 1086 4915 mo·
1134 4864 1225 4914 iordius
1237 4866 1337 4931 recepit,
1351 4863 1437 4930 legitur
1455 4864 1481 4913 iu
1493 4863 1549 4914 edd.
1568 4865 1634 4914 Crat.
1646 4871 1671 4911 et
1684 4859 1760 4913 Brub.
1776 4877 1800 4913 a.
1825 4863 1901 4915 1⁵53.

318 4953 376 4987 uere
388 4939 467 5005 potuit
476 4941 503 4990 G.
518 4943 550 4990 G.
563 4943 669 5004 Krtiger.
680 4943 788 4992 Gramm.
804 4939 851 4990 noi.
865 4943 897 4988 tt.
912 4939 978 5004 330.
993 4941 1050 4991 adn.
1062 4943 1086 4993 5.
1134 4943 1206 4990 Nunc
1215 4941 1317 5006 Ziegier.
1332 4939 1396 4990 idem
1408 4938 1499 4990 invenit
1513 4939 1537 4988 in
1552 4939 1606 4992 eod.
1621 4938 1721 4990 Medioi.
1735 4940 1764 4988 G.
1773 4965 1805 4974 -
1814 4940 1847 4988 V.
1859 4942 1901 4988 60.

351 5014 386 5078 (ο)
403 5015 430 5062 td
443 5015 566 5080 proposuit
583 5016 609 5064 in
622 5016 703 5068 adnot.
726 5015 835 5067 Meineit.
851 5018 913 5064 etin
929 5016 991 5064 idern
1003 5015 1088 5066 incidit
1133 5015 1255 5083 Adscripsi
1277 5033 1381 5074 versum,
1399 5015 1440 5081 qni
1462 5014 1488 5063 in
1502 5014 1579 5064 tribus
1588 5013 1712 5064 codicibus
1725 5020 1816 5070 exstat,
1830 5021 1903 5077 atque

319 5092 451 5140 Hermann.
465 5092 549 5154 Neque
563 5090 674 5157 displicet
685 5091 751 5156 quod
766 5091 907 5141 tuirzsctius
920 5107 945 5156 p.
961 5092 992 5140 68
1004 5092 1087 5156 conje·
1134 5106 1188 5139 eum
1201 5091 1309 5156 Briggsio
1321 5101 1343 5139 et
1356 5088 1481 5140 Meincltio
1494 5098 1561 5155 puto,
1575 5088 1638 5138 iuter
1654 5103 1716 5139 vers.
1731 5097 1763 5151 49
1774 5097 1797 5135 et
1811 5092 1842 5135 60
1855 5087 1901 5135 uti-

318 5161 351 5212 cit
362 5178 369 5212 :
382 5163 424 5213 καλ
437 5165 515 5230 κῶραι
529 5166 608 5215 δεινὸν
624 5167 711 5232 βλίπον
725 5164 751 5216 εί
758 5165 815 5217 ποκ’
829 5167 933 5225 ἁπάντη.
1132 5175 1192 5231 quot
1206 5182 1286 5215 rersrts
1304 5166 1428 5216 excidisse.
1451 5167 1513 5214 Nam
1532 5173 1595 5213 recte
1611 5163 1801 5213 Valckenarius:
1815 5184 1827 5203 u
1842 5161 1901 5211 iilud

353 5240 389 5303 (3)
407 5239 434 5287 td
447 5240 508 5289 eruit
522 5239 632 5292 Meiueit.
655 5241 681 5290 in
697 5241 779 5292 adnot.
794 5259 823 5291 rx
838 5242 953 5291 librorum
969 5241 1087 5308 scriptura
1134 5242 1208 5298 αὐτὸς
1236 5241 1330 5291 iamule
1357 5239 1484 5290 Phoenissae
1511 5239 1589 5306 potius
1614 5238 1738 5299 contenit,
1762 5251 1834 5305 quarn
1854 5235 1900 5302 ips

318 5315 484 5380 ἀταρπῶν.-
496 5319 528 5368 V.
545 5318 585 5367 nti.
600 5321 672 5365 Hunc
691 5316 770 5366 iocum
790 5317 872 5366 veliem
893 5316 1032 5382 respexisset
1053 5321 1084 5369 tt.
1132 5315 1197 5366 dero.
1213 5340 1228 5361 s
