4022 6084
304 330 354 376 ΧΠ

301 452 367 528 giis,
380 449 495 506 arcanis
507 447 606 523 libris,
617 446 733 506 vatibus
742 447 838 507 omnis
852 449 983 526 generis,
996 469 1089 508 sacer·

301 536 429 609 dotibus,
441 535 591 608 neocoris,
602 535 734 594 fanaticis
747 535 943 595 memorandis
955 535 964 615 (
975 523 1035 595 vid.
1048 536 1086 608 ll,

305 645 358 702 19⁷
369 645 448 702 sqq,
463 631 520 690 not
534 643 613 702 sqq,
623 625 680 682 aab
691 643 770 702 sqq,
781 627 836 698 317
846 647 854 698 ;
866 624 918 697 vt,-
932 626 1002 699 378,
1019 629 1086 696 438,

302 715 358 785 473
370 733 447 789 sqq,
458 712 537 790 493),
550 713 702 790 quoetiam
715 715 792 770 Galli
801 714 948 792 pertinent
955 713 1006 786 vt,
1016 735 1086 792 299,

303 801 360 860 538
376 820 457 878 sqq.,
471 801 519 859 vel
531 819 568 859 ea
579 801 642 862 solo
658 800 804 878 Appulejo
819 802 889 860 satis
902 802 1086 874 illustrandi;

301 903 330 947 et
343 909 463 967 prorsus
475 889 588 948 alienus
599 902 643 948 est
656 887 693 946 ab
704 889 905 948 immiscendis
919 903 969 948 aut
980 909 1090 948 memo·

302 977 401 1036 randis
417 977 650 1037 Christianorum
662 977 796 1036 moribus
809 991 840 1036 et
853 977 1001 1054 dogmatis.
1016 979 1087 1036 Nam

302 1064 381 1143 <quod
391 1065 537 1144 lleynius,
549 1079 680 1144 utsupra
694 1066 840 1138 vidimus,
852 1064 899 1139 ll,
913 1070 971 1126 aab
981 1086 1026 1144 sq.

364 1208 440 1269 δῆμον
449 1207 469 1255 θ’
477 1207 791 1270 ἡγοτθοας,οἳὶνχιίλεσσιν
800 1209 873 1257 laicis

364 1284 479 1346 pitriort’
488 1286 521 1334 εῑν
531 1288 628 1348 ἱεροῖσιν
637 1284 777 1347 ἀκουόμενοι
785 1285 832 1334 oni
844 1286 907 1333 λαῶν

304 1407 339 1464 ad
358 1406 537 1466 Christianos
552 1405 668 1480 retulit,
690 1403 765 1463 nihil
780 1424 834 1481 ego
854 1405 971 1464 obstare
986 1405 1089 1476 video,

303 1494 461 1572 quominus
470 1494 528 1553 hoc
538 1502 657 1572 quoq'ue
669 1492 705 1551 ad
716 1491 924 1572 hierophantas
935 1493 1089 1565 referatur,

303 1584 354 1660 qui
371 1581 504 1664 μυστήρια
516 1583 666 1658 διηγοῦνται
680 1575 734 1646 ’τοῖς
750 1579 887 1655 ἀμυήτοις.
904 1580 970 1639 Jam
985 1583 1010 1639 si
1024 1581 1090 1639 bre·

302 1672 422 1731 tissime
434 1670 641 1730 adumbremus
651 1668 887 1728 Christianorum
899 1668 954 1728 suh
966 1670 1091 1747 impera-

303 1760 416 1818 toribus
431 1759 618 1830 vexationes,
630 1757 784 1816 notissima
799 1769 844 1816 est
857 1761 979 1816 Neronis
990 1771 1091 1816 contra

303 1869 353 1906 eos
378 1848 534 1906 crudelitas
556 1866 593 1905 ex
613 1844 804 1904 celeberrimo
827 1845 922 1905 Taciti
947 1846 1011 1904 loco
1030 1851 1090 1905 An-

303 1936 372 1995 nall.
386 1935 447 2008 xtt,
462 1944 516 2007 Μή
529 1935 689 1994 notissime
703 1947 771 1992 sunt
780 1937 871 1990 Plinii
882 1948 911 1992 et
929 1937 1047 2012 irajani
1056 1935 1092 1992 de

303 2017 1092 2104 careepistola,undesimnlquamineptaeetobscurae

290 2113 339 2172 'de
352 2134 454 2174 eorum
465 2116 526 2172 vita
537 2125 567 2171 et
579 2113 733 2192 praeceptis
748 2113 902 2192 opiniones
915 2115 1092 2190 pervulgatae

305 2204 427 2274 luerint,
443 2202 663 2278 cognoscimus3
677 2220 731 2259 nec
743 2201 827 2273 latet,
843 2206 997 2258 Domitiani
1010 2222 1092 2278 aspe-

1004 309 1221 378 rametam.

1138 451 1321 510 Antiochiam
1337 468 1494 528 peragrans
1515 446 1771 506 celeberrimum
1792 447 1872 504 illum
1886 447 1932 502 Ori

1135 559 1236 615 genem
1247 540 1278 598 in
1290 550 1476 616 conspectum
1488 555 1573 595 sunm
1587 548 1623 592 et
1635 535 1844 612 colloquium
1855 536 1933 592 venre

1135 628 1271 688 voluerit.
1294 627 1366 685 Inde
1382 645 1419 685 ex
1431 625 1489 682 hoc
1498 625 1629 682 maxime
1645 637 1802 701 tempore
1817 623 1933 680 Christis

1135 716 1165 774 ni
1181 718 1309 795 apertius
1333 714 1457 792 grassmi
1481 714 1513 772 in
1535 712 1679 791 puhlicae
1701 713 1783 769 vitae
1805 711 1932 790 pulverent

1135 817 1339 882 certamenque
1355 802 1500 882 prodiisse
1511 802 1675 860 videntur.
1694 801 1812 878 ltaque
1834 805 1933 857 Aleten

1134 896 1185 950 dm
1198 894 1293 951 occiso
1305 911 1372 952 eum
1382 891 1497 963 ceteris,
1509 889 1618 968 quibus
1637 891 1702 949 ille
1715 891 1849 959 faverat,
1861 892 1934 946 Man

1134 988 1206 1038 mini
1219 981 1421 1040 crudelitatem
1438 979 1568 1058 experti,
1582 980 1745 1056 Philippi
1758 978 1851 1036 brevi
1863 978 1933 1052 gratis

1135 1068 1250 1142 relecti,
1267 1088 1336 1127 mox
1349 1087 1366 1126 a
1383 1071 1469 1126 Decio
1480 1067 1624 1126 acerrime
1641 1067 1766 1126 vexati
1781 1078 1814 1124 et
1824 1064 1933 1142 capitali·

1134 1155 1191 1216 hus
1203 1159 1301 1235 poenis
1315 1157 1428 1228 allecti,
1446 1174 1542 1232 neque
1562 1158 1588 1211 V
1588 1161 1744 1214 aleriano
1757 1167 1791 1214 et
1803 1155 1933 1212 Amehmt

1135 1245 1252 1318 intacti,
1265 1244 1322 1303 suh
1330 1248 1501 1302 Diocletiani
1511 1244 1643 1322 imperio
1655 1244 1811 1322 primum
1823 1242 1932 1300 florente

1135 1335 1307 1393 auctoritate
1322 1346 1352 1392 et
1364 1333 1471 1409 gratia,
1483 1345 1544 1390 tum
1559 1351 1615 1409 per
1628 1335 1840 1390 Maximiani
1850 1329 1930 1388 instin

1136 1433 1213 1478 ctum
1226 1420 1400 1496 gravissima
1408 1419 1613 1498 persecutione
1622 1419 1746 1478 afflicti
1757 1421 1860 1477 varias
1867 1417 1932 1474 sonis

1136 1509 1353 1568 vicissitudines
1360 1508 1556 1586 pertulerunt,
1565 1507 1667 1566 donec
1676 1507 1813 1566 tandem
1825 1509 1931 1564 Οοιυεαο

1138 1605 1211 1652 tinas
1233 1596 1420 1656 fundamenta
1429 1597 1500 1670 jecit
1519 1595 1695 1654 Christiani
1721 1595 1853 1674 imperii
1868 1589 1931 1650 alu-

1137 1685 1216 1743 liano
1229 1686 1333 1743 leviter
1346 1697 1458 1744 tantum
1471 1697 1500 1742 et
1510 1683 1608 1742 obiter
1621 1683 1830 1750 labefactata.
1844 1680 1930 1738 lieno

1137 1773 1281 1832 rabileest
1291 1773 1382 1830 exhis
1390 1770 1754 1850 temporibnsilureliani
1764 1767 1930 1847 imperatoris

1137 1859 1246 1918 dictum
1258 1861 1291 1917 in
1305 1860 1430 1938 epistola
1444 1861 1570 1938 quidm
1592 1859 1629 1918 ad
1641 1859 1803 1918 Senatum
1820 1857 1855 1915 de
1865 1853 1928 1912 libris

1137 1945 1292 2024 Sibyllinis
1304 1949 1386 2020 data,
1399 1967 1437 2008 ex
1448 1968 1508 2027 qno
1520 1960 1549 2007 et
1559 1945 1818 2006 Christianorum
1830 1960 1927 2002 nascens

1138 2037 1295 2093 auctoritas
1304 2049 1333 2094 et
1347 2056 1418 2094 vera
1431 2035 1619 2114 imperatoris
1628 2035 1670 2092 de
1684 2053 1801 2092 eorum
1813 2031 1927 2088 advena

1138 2124 1260 2198 gentiles
1270 2125 1428 2200 religiones
1440 2124 1509 2183 odio
1520 2124 1678 2202 persuasio
1691 2121 1832 2196 intelligi
1842 2129 1924 2198 potest.

1137 2215 1229 2269 Miror
1234 2233 1289 2280 uon,
1300 2212 1398 2290 inquit
1407 2212 1649 2291 (testeVopiscoc.
1660 2209 1922 2290 ao),paaesrantt.

303 2291 389 2348 ritate
410 2309 469 2348 non
485 2290 580 2348 solnm
597 2288 716 2347 ludaeos
735 2288 786 2347 aed
805 2289 892 2346 enam
910 2289 1093 2349 Christianos
1138 2303 1248 2357 tamdiu
1267 2305 1303 2357 de
1320 2305 1483 2378 westenda
1501 2303 1647 2376 Sibyllam
1673 2303 1831 2357 dubim
1850 2298 1922 2358 trinu

302 2391 422 2438 vexatos
441 2397 510 2437 esse.
527 2377 720 2456 imperatores
742 2377 795 2454 qui
812 2377 969 2452 Traianum
988 2398 1092 2457 seque-

303 2465 419 2540 hanmr,
427 2486 495 2526 raro
503 2479 614 2524 tantum
622 2464 939 2524 etitaChristianorum
949 2469 1091 2526 rationem

303 2554 484 2629 hahuerunt,
495 2568 528 2614 ut
536 2555 605 2613 satis
614 2566 752 2632 appareat
758 2554 931 2632 opinionem
942 2573 1044 2614 eorum
1058 2557 1093 2614 de

303 2643 364 2702 illis
385 2644 455 2702 satis
473 2663 576 2718 vagam
590 2643 690 2701 finisse.
711 2640 757 2700 lta
775 2645 917 2700 Marciam
939 2641 1091 2702 Commodi

303 2730 497 2792 concubinam
506 2729 682 2792 Cmbnanis
694 2729 802 2790 lavisse
813 2731 938 2804 scimns;
948 2732 992 2790 ita
1002 2733 1094 2812 Septi-

303 2823 379 2879 mins
388 2820 511 2880 Severus
521 2819 610 2902 (teste
621 2818 676 2878 AEl.
687 2818 784 2898 Spart.
797 2839 823 2877 c.
839 2841 873 2893 17
882 2821 892 2896 )
902 2824 1092 2896 Judoeosfieri

1135 2391 1252 2462 perinde
1273 2395 1354 2464 quasi
1369 2396 1397 2446 in
1419 2391 1640 2448 Christianorum
1664 2392 1817 2461 ecclesia,
1839 2406 1887 2440 non
1905 2387 1924 2436 in

1138 2480 1240 2551 templo
1252 2480 1371 2534 Deorum
1383 2485 1504 2536 omnium
1516 2484 1687 2534 nacmmtis.
1704 2475 1774 2536 cfr.
1786 2474 1825 2532 de
1833 2469 1921 2551 prt'ort'·

1138 2560 1193 2622 bus
1202 2565 1407 2624 vexafionihus
1414 2565 1544 2625 Laetam.
1556 2567 1599 2624 De
1608 2579 1705 2625 mort.
1716 2572 1921 2644 persecutomut

1138 2671 1163 2710 c.
1174 2654 1236 2723 a·6,
1248 2653 1410 2730 cujuslihri
1421 2653 1648 2733 majorparsac.
1663 2676 1681 2728 7
1693 2649 1842 2732 usquead
1850 2648 1918 2705 ineu

1138 2738 1174 2796 de
1182 2739 1364 2799 Diocletiano
1373 2755 1402 2800 et
1411 2743 1598 2802 Maximianis
1609 2743 1680 2820 agit.
1695 2741 1809 2800 Lineas
1817 2737 1877 2814 ejus
1886 2731 1918 2789 rei

1138 2825 1304 2902 designavit
1317 2828 1429 2906 Sulpic.
1445 2829 1512 2887 Ser.
1527 2830 1602 2888 llist.
1619 2848 1697 2888 sacr.
1717 2825 1768 2899 ll,
1780 2847 1807 2884 c.
1825 2822 1916 2890 sti-32,

302 2911 353 2965 sab
371 2915 454 2983 gnari
460 2929 553 2985 poena
567 2914 668 2976 eremit,
686 2910 761 2964 idem
773 2914 857 2964 etiam
874 2912 911 2965 de
928 2911 1094 2968 Christianis
1140 2933 1316 2990 quamquam
1330 2915 1462 2976 fabulosa
1473 2917 1621 2976 interdum
1634 2915 1810 2976 admiscuit.

303 3003 416 3068 sanan,-
430 2997 471 3056 ita
480 2995 688 3074 Heliogabalus
697 3007 805 3075 prater
814 3009 923 3056 cemras
935 2999 1093 3075 religiones

303 3087 391 3144 etiam
406 3088 601 3145 Christianam
610 3089 784 3145 devotionem
794 3085 831 3143 ad
844 3085 1027 3163 Heliogabali
1037 3092 1095 3148 cul-

305 3173 631 3248 turamrraruserendam
641 3173 1092 3256 censebattvid.AEt.Lamprid.

305 3285 332 3324 c.
349 3263 397 3340 3).
415 3262 535 3323 Primus
555 3267 725 3324 Alexander
736 3264 853 3320 Sarnus
865 3277 894 3322 et
905 3265 1044 3344 majorem
1067 3281 1094 3325 ct

305 3348 574 3410 benevolentiorem
590 3351 779 3411 attentionem
791 3350 823 3408 in
840 3351 1023 3414 Christianos
1035 3357 1091 3413 im-

305 3437 441 3517 pendisse
454 3439 583 3511 videtur,
596 3440 623 3498 si
636 3440 757 3519 quidem
773 3437 825 3498 ille
836 3460 895 3500 non
906 3443 1000 3500 solum
1012 3447 1092 3502 Cin·-

305 3525 410 3576 rtianos
422 3538 481 3575 esse
483 3540 589 3596 passas
599 3532 642 3576 est
655 3519 733 3597 (vid.
743 3515 802 3579 AEl.
813 3519 963 3600 Lamprid.
980 3544 1005 3582 c.
1022 3545 1058 3582 aa
1069 3533 1092 3596 );

306 3626 367 3665 uon
387 3606 483 3665 solnm
505 3607 542 3665 iis
560 3606 597 3665 ad
619 3609 760 3688 templum
781 3611 983 3669 aedificandum
1006 3633 1092 3688 quam

305 3694 471 3773 popinariis
489 3694 586 3754 torum
604 3695 671 3754 dari
687 3699 791 3758 maluit
811 3699 889 3774 (vid.
912 3699 953 3757 id.
974 3721 1000 3757 c.
1017 3709 1055 3775 49
1066 3699 1091 3778 );

306 3782 357 3840 sed
371 3783 458 3840 etiam
471 3781 623 3841 Christum
632 3797 719 3862 atque
728 3787 876 3846 Abraham
891 3787 969 3846 inter
981 3797 1094 3845 animas

305 3876 457 3927 sancnores
472 3871 506 3928 in
518 3869 627 3930 larario
641 3891 696 3930 suo
709 3874 814 3934 habuit
829 3874 909 3952 (vid.
922 3876 963 3934 id.
980 3899 1006 3935 c.
1024 3880 1092 3954 29),

305 3973 335 4017 et
349 3961 459 4018 Christo
471 3963 604 4037 templum
605 3959 710 4032 facere
723 3984 843 4040 eumque
856 3971 930 4022 inter
941 3969 1015 4024 Deos
1026 3977 1093 4024 reci·

303 4069 373 4125 pere
382 4052 485 4118 uomit,
499 4051 656 4125 prohibitio
665 4049 703 4108 ab
716 4059 762 4122 iis,
778 4057 1094 4130 quiconaalentessacrn

306 4149 471 4212 repererant
481 4157 578 4194 omnes
592 4137 764 4198 Christianos
771 4140 899 4212 funerus,
915 4148 941 4198 si
953 4146 987 4199 iel
999 4160 1094 4219 optato

306 4233 437 4282 evenisset
450 4223 532 4302 trid.
548 4223 590 4282 id.
607 4246 633 4284 c.
648 4227 685 4293 ts
697 4226 723 4305 ),
736 4241 765 4286 et
777 4241 891 4287 mentua
910 4230 1093 4290 Christiano-

308 4332 373 4370 rum
382 4325 468 4389 atque
474 4311 493 4369 J
495 4311 646 4371 udaeorum
658 4320 1088 4392 inproedicandbsacerdntibus,

307 4406 356 4475 qni
367 4404 519 4458 ordinandi
530 4415 624 4476 erant,
640 4423 770 4476 morem,
786 4420 1011 4483 procuratorum
1026 4431 1092 4470 sno-

1178 3002 1242 3062 Jam
1256 3007 1324 3062 siex
1336 3005 1383 3077 iis,
1396 3026 1461 3083 quae
1475 3007 1626 3083 hucusque
1639 3007 1734 3066 allata
1744 3016 1826 3076 sunt,
1838 3011 1917 3080 aperit

1139 3111 1279 3169 apparere
1294 3094 1381 3152 nohis
1395 3093 1550 3156 videbatur
1561 3109 1678 3173 poetam
1693 3093 1756 3156 snb
1764 3098 1863 3172 primis
1873 3088 1914 3146 im·
1973 3086 1977 3115 l

1139 3181 1324 3256 peratoribus
1334 3196 1470 3260 certeque
1479 3187 1736 3242 anteiiadrianum
1745 3202 1806 3242 non
1815 3178 1914 3244 vitiam
1975 3198 1977 3215 .

1138 3285 1175 3324 ex
1184 3268 1255 3340 hoc,
1268 3270 1346 3344 quod
1358 3283 1504 3348 postremo
1514 3271 1581 3330 loco
1591 3271 1776 3350 disputabam
1786 3280 1841 3340 est,
1852 3262 1911 3322 haud

1139 3354 1374 3434 improbabiliter·
1410 3359 1477 3435 quis
1509 3359 1689 3419 concluserit
1719 3358 1842 3420 eundem
1862 3361 1913 3428 posi

1140 3447 1299 3502 Alexandri
1304 3448 1399 3505 Severi
1409 3461 1541 3526 tempora
1550 3467 1610 3506 non
1620 3467 1684 3506 esse
1692 3441 1908 3526 deprimendum

1139 3533 1278 3605 quoniam
1292 3547 1353 3593 tum
1370 3535 1497 3614 aliquam
1512 3556 1635 3615 eamque
1657 3538 1810 3597 inimicam
1828 3529 1910 3590 fecisse

1139 3618 1374 3682 Christianorum
1386 3625 1565 3684 mentionem
1575 3623 1719 3686 credibile
1728 3637 1781 3698 est,
1793 3613 1907 3700 quemad·

1139 3707 1258 3766 modum
1268 3708 1336 3768 lecit
1347 3712 1478 3770 imitator
1488 3711 1615 3791 scriptor
1625 3710 1698 3772 libri
1710 3716 1804 3791 quarti
1814 3727 1841 3766 r.
1851 3705 1906 3762 56st

1139 3797 1192 3866 66,
1209 3801 1408 3874 quemlocum
1420 3801 1481 3879 jam
1494 3801 1657 3862 rectissime
1671 3801 1848 3881 Tymhittus
1857 3793 1873 3850 l·
1885 3811 1903 3846 θ·

1138 3885 1174 3941 de
1190 3884 1363 3947 Christianis
1377 3890 1530 3950 intellexit
1542 3889 1609 3948 Jam
1620 3909 1692 3949 vero
1714 3889 1839 3970 permiro
1852 3898 1903 3958 pro·

1140 3974 1213 4033 lecto
1227 3996 1312 4049 casn,
1332 3978 1357 4036 si
1371 3979 1490 4056 quidem
1509 3993 1554 4038 est
1567 3999 1668 4052 casus,
1682 3980 1789 4040 accidit
1803 3968 1903 4052 quodie
1972 3986 1975 4064 s

1138 4063 1203 4122 Vita
1214 4065 1345 4142 ejusdem
1356 4071 1516 4125 Alexandri
1526 4071 1623 4128 Severi
1631 4067 1668 4127 ab
1676 4069 1750 4129 AElio
1759 4056 1901 4140 Lampridio

1139 4154 1305 4233 conscripta
1318 4154 1446 4232 plurima
1462 4169 1663 4215 memorantur
1680 4167 1823 4216 momenta
1838 4163 1900 4238 egit·

1139 4241 1186 4314 gie
1201 4261 1266 4298 curn
1281 4242 1375 4302 nostri
1387 4256 1480 4321 poetae
1494 4242 1582 4301 rebus
1597 4245 1790 4306 concinentia.
1805 4239 1842 4296 lta
1851 4248 1889 4308 opt

1140 4328 1272 4388 liciorum
1291 4331 1411 4390 illorum
1430 4331 1523 4392 etatis
1538 4333 1622 4390 luxui
1637 4333 1822 4393 servientium
1840 4325 1898 4380 bona

1139 4437 1208 4493 pars
1218 4431 1397 4478 memoratur
1406 4419 1524 4480 duobus
1533 4421 1622 4494 locis,
1634 4423 1743 4499 quibus
1752 4417 1848 4498 duplex
1858 4411 1896 4466 tn·

263 4568 266 4576 Ι
309 4509 373 4546 rum
387 4491 508 4547 nomina
520 4492 719 4570 proponebat,
734 4507 767 4552 ut
780 4497 805 4552 si
817 4497 883 4572 quis
893 4497 965 4573 quid
976 4497 1096 4559 haberet
1139 4509 1280 4582 peratoris
1289 4507 1321 4563 in
1329 4526 1380 4564 eos
1386 4527 1457 4566 cura
1467 4523 1646 4568 memoratur
1658 4532 1665 4567 :
1677 4531 1704 4568 c.
1717 4517 1754 4579 at.
1769 4535 1781 4562 ι
1795 4509 1896 4564 annau

308 4575 1093 4664 criminis,probaretmanitesusrebuetvidnd.etih

309 4676 337 4719 et
347 4681 419 4720 vero
429 4665 652 4725 celeberrimum
664 4668 740 4728 illnd
747 4669 856 4730 Christi
867 4691 876 4728 ε
889 4677 968 4748 quod
976 4677 1025 4730 tibi
1030 4679 1096 4748 fieri

310 4770 365 4806 non
379 4759 436 4822 vis,
456 4757 539 4810 alteri
552 4776 589 4812 ne
589 4755 710 4828 feceris,
729 4760 855 4818 maxime
868 4760 1006 4820 dilectum
1022 4779 1050 4822 et
1065 4769 1094 4824 in

310 4927 389 5006 (vid.
400 4928 443 4988 id.
457 4949 484 4990 ο.
496 4929 531 4987 51
540 4932 562 5006 ).
572 4930 650 5001 Quid
660 4934 740 5012 quod
751 4940 923 5008 Mammoea,
939 4942 1096 5003 Alexandri

1141 4598 1267 4672 uectigal
1284 4608 1313 4652 et
1326 4604 1499 4654 meretricum
1511 4610 1540 4656 et
1561 4599 1743 4658 exoletorum
1762 4601 1895 4658 insecuti

1140 4683 1276 4740 aerarium
1287 4683 1392 4742 iulerri
1401 4686 1504 4761 vetuit,
1515 4685 1566 4744 sed
1576 4687 1743 4766 sumptibus
1753 4667 1894 4768 publicisstl

394 4839 400 4852 .
478 4843 485 4856 ,
1140 4771 1380 4830 instaurationem
1409 4772 1530 4846 theatri,
1556 4775 1644 4848 circi,
1669 4763 1857 4856 amphitheatri
1876 4769 1894 4816 et

309 4838 422 4898 Palatio
435 4854 464 4898 et
476 4862 507 4899 1n
528 4842 656 4921 puhlicis
677 4844 817 4925 operibns
835 4849 989 4927 praescribi
1009 4855 1098 4926 jussit
1141 4859 1238 4918 aerarii
1250 4859 1401 4937 deputavit
1469 4866 1684 4933 braccartomm,
1708 4871 1848 4924 tineoamt
1862 4867 1893 4906 u·

1140 4952 1318 5017 beatiorum,
1338 4954 1507 5026 pellionum,
1521 4956 1772 5028 pincenariorum,
1788 4953 1892 5025 argenta·
1967 4976 1971 5043 q

310 5030 415 5096 mater,
424 5037 462 5076 ex
475 5037 534 5097 qua
547 5019 598 5077 ille
610 5033 687 5080 totus
701 5024 856 5101 pendebat,
867 5028 966 5087 eadem
979 5045 1040 5088 erat
1051 5032 1098 5091 he·
1139 5041 1250 5106 riorum,
1262 5041 1409 5111 muilicum
1417 5053 1446 5096 et
1452 5055 1606 5099 ceterarum
1615 5051 1718 5100 artium
1728 5025 1889 5117 uectigalpul·

311 5107 415 5165 nevela
427 5125 497 5184 erga
509 5106 691 5168 Christiarios
705 5112 890 5190 curiositate,
908 5119 1018 5196 quippe
1032 5140 1097 5196 qum
1142 5122 1320 5184 cherrimum
1336 5128 1611 5202 insinuassem
1627 5153 1634 5188 :
1648 5158 1660 5184 ι
1673 5130 1889 5211 earpomonnffl'l
