4022 6084
627 410 668 472 ut
690 409 919 474 MANETHON.
941 409 1090 474 LIBRUM
1111 407 1162 474 vt.
1620 422 1700 472 xsxt

138 541 206 600 rio.
220 535 314 616 toti,
325 537 405 618 qood
419 538 554 598 revocavi
564 559 571 596 τ
580 539 714 600 οὑτιδαναί
723 541 801 600 enim
810 553 878 600 suut
921 544 1167 616 sunnaccuratius
1179 542 1371 621 explicentur.
1389 541 1486 612 Quare
1500 542 1574 602 αὑαοί
1591 565 1619 602 τι
1634 544 1705 603 scri·

93 645 201 704 genere
210 625 354 704 ignobiles
369 625 428 704 (ci.
446 627 500 701 178
513 627 539 704 );
552 624 598 685 καί
607 626 654 686 ed.
921 631 983 710 psi;
998 631 1035 691 de
1047 631 1239 710 productione
1251 629 1310 689 vid.
1325 629 1425 688 Ηττον.
1438 629 1530 708 Orpb.
1545 651 1576 705 p.
1590 650 1646 704 7¹⁰
1661 650 1705 708 sq.

140 715 205 788 137.
231 711 297 785 αὑτη
318 713 395 792 edd,
417 711 608 790 αὑτηί,αὑτὴ
631 715 700 774 Ηοτ
715 716 878 794 nos,etita
961 717 1211 796 οτι.αιἰτὺνοοιι]’.
1228 718 1327 790 0676
1346 738 1402 796 το,
1423 719 1495 796 quia
1512 737 1580 776 sane
1597 720 1705 784 ὡςτνοιτ

95 805 183 866 etiam
194 803 351 864 voluerunt
363 801 415 862 All
428 804 460 863 in
472 803 555 882 pnes.
569 822 600 882 p.
614 824 693 865 xsvr.
921 819 1017 885 potest
1026 827 1092 866 cum
1105 807 1289 866 nominativo
1300 819 1329 865 et
1339 805 1487 864 infinitivo
1497 805 1635 865 construi.
1648 805 1704 864 Sed

137 893 205 953 153.
217 893 288 953 Post
296 892 374 952 bunc
385 913 416 954 ν.
432 894 565 952 lacunam
575 911 638 952 esse
651 907 728 953 recte
739 893 815 953 vidit
829 894 854 951 A
869 916 876 951 :
922 915 975 954 neo
987 909 1044 954 tam
1059 893 1183 973 abrupta
1196 913 1234 953 ex
1246 895 1354 974 plurali
1373 894 1405 952 in
1420 893 1596 968 singularem
1615 905 1706 952 trans·

97 1009 110 1036 α
124 981 184 1042 Νοτ
211 980 338 1060 aliquid,
352 981 431 1059 quod
452 980 595 1060 epodosin
614 982 793 1058 contineret,
812 994 879 1061 post
921 984 974 1042 itio
984 983 1106 1062 probari
1120 995 1224 1061 potest.
1241 982 1266 1039 A
1282 979 1422 1060 λωδιίταραί
1435 979 1460 1058 γ’
1480 977 1558 1038 αὐτὸν
1571 978 1661 1058 conj„
1676 993 1706 1039 et

93 1069 172 1130 liunc
186 1088 302 1130 remum
316 1068 458 1129 excidisse
481 1069 632 1130 sentimus.
648 1068 692 1130 cf.
708 1068 879 1148 v1,25ttet
921 1072 1064 1149 particula
1085 1071 1252 1149 importune
1272 1067 1399 1147 adjecta,
1417 1081 1446 1126 et
1457 1068 1632 1147 pronomine
1645 1087 1705 1126 uon

95 1158 164 1230 678.
180 1187 192 1210 ι
921 1159 1007 1240 illuc,
1018 1180 1078 1238 quo
1089 1158 1192 1234 debet,
1205 1158 1307 1216 relato.
1317 1157 1383 1219 Vid.
1395 1157 1431 1216 ad
1445 1177 1487 1235 sq.
1502 1178 1535 1218 v.

139 1248 204 1320 τδρ.
217 1245 300 1305 τοῖσιν
314 1241 366 1326 γὰρ
380 1243 460 1321 edd.,
473 1245 574 1304 τοῖσιδ’
591 1243 643 1325 ἄρα
657 1265 728 1323 nos,
739 1246 877 1323 quonium
962 1268 1031 1308 ara.
1040 1245 1181 1328 δίχνιισίαι
1193 1243 1264 1326 ξυνίῃ
1275 1244 1391 1325 στονάχη
1404 1245 1440 1318 G,
1450 1233 1567 1325 στοναχῇ
1579 1245 1615 1317 Η,
1626 1245 1651 1306 δ.
1664 1243 1705 1312 ξι·

94 1330 144 1391 blo
159 1353 276 1412 quoque
295 1352 356 1392 noo
376 1351 478 1410 cansa,
498 1333 548 1392 scd
566 1352 746 1411 consequens
759 1347 878 1394 antece-
921 1335 976 1409 νίης
989 1339 1105 1416 στοναχῇ
1119 1333 1178 1407 ed.,
1197 1334 1277 1413 quod
1294 1353 1376 1412 teque
1394 1354 1453 1393 non
1467 1333 1602 1408 intelligo
1620 1345 1706 1410 atque

95 1419 224 1480 dentium
237 1421 392 1480 indicatur.
922 1426 948 1486 δ.
963 1423 1024 1504 ξυνῇ
1034 1425 1151 1504 στοναχῇ
1167 1423 1350 1501 propositum
1365 1441 1383 1480 a
1395 1421 1421 1479 D
1433 1425 1502 1496 677.
1515 1419 1706 1480 Scribendum

138 1527 203 1582 ipa.
217 1505 276 1580 ἤτοι
287 1508 356 1568 κατὰ
368 1508 471 1589 κίντρον
482 1506 544 1581 ’ὑης
553 1510 623 1587 (sic)
635 1511 672 1583 G,
688 1507 733 1581 ὑὴς
746 1511 782 1586 Η,
797 1509 878 1582 ἦπου
922 1512 978 1572 tuit
991 1509 1129 1592 δίχνυνται
1148 1510 1217 1588 Ετνίη
1235 1509 1355 1584 σαοτίης,
1382 1529 1509 1588 quorum
1527 1508 1587 1568 duo
1607 1510 1708 1588 priora

94 1594 284 1677 κατὺα.ίησιν
297 1596 358 1669 ed.;
371 1595 430 1670 ἤτοι
448 1594 518 1656 rasis
536 1621 563 1659 κ.
579 1597 656 1671 ὑπτίη
673 1599 749 1677 conj.
764 1599 791 1656 l)
806 1601 876 1672 676,
921 1599 999 1658 idem
1021 1602 1042 1660 l.
1064 1621 1090 1659 c.
1112 1598 1174 1677 jam
1192 1597 1359 1657 dubitanter
1382 1598 1505 1658 invenit.
1521 1597 1705 1657 Postremum

95 1683 157 1758 ἥκοι
178 1685 247 1746 κατὰ
267 1684 373 1767 κίντρον
396 1689 440 1745 ὑπ’
461 1685 520 1759 αίης
533 1687 575 1762 li,
598 1686 659 1760 ἥκοι
678 1687 785 1769 Ηαρίης
807 1686 876 1748 κατὰ
918 1686 980 1765 jam
996 1689 1153 1748 Homerico
1173 1687 1391 1748 commendatur
1411 1685 1512 1746 σκότιον
1529 1684 1558 1744 dl
1574 1687 1586 1743 ὑ
1601 1683 1706 1762 γείνατο

94 1771 200 1854 αίντρον
223 1773 363 1835 Letronn.
385 1774 451 1833 llaec
471 1774 572 1834 omnia
591 1786 698 1834 tentata
711 1787 779 1834 sunt
798 1775 878 1834 nulla
921 1773 1010 1856 μήτηρ
1020 1775 1054 1836 ll.
1062 1775 1094 1850 Z,
1105 1777 1242 1848 almos.
1252 1774 1299 1850 IV,
1310 1775 1346 1849 δη
1358 1771 1425 1854 ἀνὴρ
1435 1771 1564 1855 ὀρρνήιις.
1576 1771 1704 1833 Tbeocr.

94 1861 384 1942 sequentinmbebita
393 1863 519 1938 ratione,
534 1881 600 1940 quac
611 1875 708 1941 aperte
723 1861 879 1922 ostendunt
921 1883 1015 1940 xxvrr,
1030 1867 1080 1937 66,
1095 1863 1218 1923 ἀνίστατο
1229 1861 1324 1944 ρίιριος
1333 1859 1406 1923 εὐναί.

94 1951 248 2030 scripsisse
265 1963 380 2030 poetam
400 1949 458 2022 ἤτοι
477 1949 547 2009 κατὰ
560 1946 665 2030 κίντρον
676 1951 717 2032 tp’
733 1947 802 2031 ὥρης
816 1970 826 2008 .·
840 1952 876 2012 cf.
962 1959 1030 2018 ατί.
1048 1949 1130 2020 ζώνιον
1148 1950 1187 2009 ἐνί
1206 1949 1292 2028 μήνην
1306 1948 1370 2023 GH,
1382 1947 1454 2019 ζώων
1466 1947 1497 2025 J,
1514 1946 1572 2028 ζιὺῳ
1593 1945 1629 2005 ἶνι
1645 1945 1708 2015 Μή·

94 2039 173 2098 infra
185 2039 253 2112 380,
266 2038 335 2109 illo.
921 2062 967 2110 νης
982 2040 1029 2100 cd.
1041 2060 1058 2099 e
1073 2039 1150 2118 conj.
1165 2039 1200 2097 lt.
1219 2039 1276 2097 Sed
1290 2039 1355 2096 vice
1367 2056 1454 2096 versa
1465 2033 1540 2105 ζώοιν
1560 2033 1598 2093 tn
1611 2032 1707 2107 Μήνην

141 2125 210 2200 175.
224 2122 360 2206 πατίραν,
372 2121 504 2204 αρττίροις
518 2146 547 2182 τε
561 2127 679 2183 τοκτὺσιν
694 2123 730 2198 G,
744 2147 787 2198 π.,
804 2146 832 2184 α.
849 2146 875 2186 τ.
922 2124 1109 2186 scribendum
1123 2126 1213 2186 baisse
1224 2138 1387 2184 monstrant
1399 2145 1428 2185 ν.
1443 2126 1516 2196 οτ6,
1529 2141 1599 2181 aao.
1610 2117 1707 2202 Ἀμριο

95 2213 216 2274 τίκιστιν
225 2212 272 2273 ed.
285 2211 388 2291 econj.
400 2213 511 2287 ⁰676,
528 2212 606 2290 quod
625 2212 728 2272 salsum
740 2230 803 2271 esse
815 2212 879 2291 ipse
921 2210 970 2272 bic
984 2234 1038 2292 pro
1050 2214 1190 2291 genitivo,
1199 2227 1232 2273 ut
1243 2209 1297 2272 δὺω
1312 2214 1360 2287 82,
1367 2211 1492 2271 relertur
1506 2209 1543 2269 ad
1551 2221 1710 2286 utrumque

95 2301 254 2380 intellexit,
270 2302 409 2381 quonism
426 2313 486 2360 tum
508 2299 646 2381 παρθενίης
664 2299 747 2372 ζώνην
766 2300 878 2360 λὺσαντο
922 2301 1088 2380 conjugem.

93 2389 179 2448 nullo
189 2388 276 2448 modo
287 2388 347 2448 dici
360 2388 466 2467 potuit.
482 2386 582 2466 Neque
596 2407 668 2446 vero
679 2387 716 2446 de
729 2395 787 2446 ανίτ
799 2389 878 2466 cogi·
963 2391 1032 2454 ard.
1048 2389 1213 2466 eilotedd.,
1226 2389 1300 2448 πίλτι
1312 2388 1340 2461 J,
1354 2387 1421 2467 πίλῃ
1436 2407 1502 2447 nos.
1516 2417 1554 2432 -
1567 2383 1658 2465 ἀνδρὸς
1668 2381 1708 2461 G,

93 2475 230 2549 tandum,
245 2495 319 2554 qnos
330 2475 440 2536 ioicrre
450 2476 567 2534 volebat
579 2475 656 2535 idem
670 2496 725 2555 pro
744 2475 876 2557 opstipum
922 2477 996 2560 ἀνδρί
1007 2478 1064 2552 ed.,
1082 2499 1142 2538 non
1153 2479 1266 2538 monito
1279 2479 1397 2550 lectore,
1414 2476 1464 2535 sed
1479 2473 1649 2534 rectissime.

93 2563 251 2624 scribendo
266 2563 358 2622 καίνων
376 2563 422 2623 rel
438 2560 566 2642 πατίραιν.
586 2563 651 2624 Νοο
667 2563 785 2636 dubito,
805 2565 877 2642 quin
962 2587 1031 2644 ²¹9·
1047 2571 1133 2627 ταῦτα
1146 2568 1227 2644 edd,
1241 2563 1325 2626 ταύτὰ
1342 2561 1393 2624 bic
1405 2582 1523 2643 quoque
1536 2580 1601 2624 nos.

93 2653 213 2715 duobus
225 2652 326 2716 verbis
339 2654 524 2733 transpositis
545 2652 731 2714 scribendum
752 2654 790 2714 sit
806 2675 813 2711 ι
829 2676 878 2712 κα·
963 2675 1031 2714 aao.
1047 2655 1137 2737 ἀὶιίχῳ
1147 2655 1186 2715 ivl
1198 2654 1280 2726 edd,
1295 2651 1401 2733 ἀλόχοις
1411 2653 1438 2711 ίν
1451 2670 1518 2724 nos,
1540 2649 1617 2709 illud
1633 2667 1706 2727 pro·

95 2741 229 2822 σιγιίτοις
241 2739 373 2824 αρττίροις
387 2741 508 2823 πατίρων
522 2764 552 2801 τι
566 2740 694 2801 τίκτσσιν.
709 2741 760 2801 llli
778 2742 879 2802 fratres
922 2755 988 2822 pter
1002 2744 1102 2825 ἀνδρῶν
1113 2763 1204 2802 versu
1215 2742 1358 2822 sequenti.

94 2844 166 2890 suut
179 2830 363 2910 ὁμογάστριον,
381 2831 414 2890 bi
425 2831 517 2910 patris
532 2831 588 2889 lilii
606 2831 666 2890 alio
679 2849 715 2889 ex
729 2843 794 2890 toro
805 2832 877 2890 nati.
964 2831 1030 2889 223.
1040 2829 1167 2910 σχήματα
1174 2828 1475 2906 οιίτί.,σήματαοοτσα
1483 2823 1708 2896 στατοδ.ὓδην.

93 2919 139 2978 Cf.
154 2923 225 2998 196,
235 2917 356 3002 πατίριον
369 2921 477 2996 ὀλοῇσιν
494 2919 661 2980 Ητλλαιιίαιν
671 2917 785 2996 script?
798 2918 816 2990 ἢ
831 2942 880 2995 μη·
967 2923 1024 2979 232
1039 2939 1085 2997 sq.
1101 2919 1238 2978 κατίπισὺ’
1251 2915 1367 2984 ίπιίνττς
1381 2919 1476 2977 Δῶκαν
1491 2914 1538 2975 καί
1549 2911 1630 2992 edd„
1642 2930 1711 2992 per-

92 3009 213 3088 τροιῇσιν
237 3009 323 3088 ίῇσιν,
347 3019 377 3068 et
399 3013 474 3084 τοῖς,
491 3005 721 3081 αὐτοκασίγνητον
745 3003 877 3088 σρττίρτιν
924 3008 1014 3066 ticula
1036 3007 1082 3067 καί
1096 3009 1193 3067 alieno
1215 3008 1280 3066 loco
1303 3005 1410 3086 posita.
1425 3004 1528 3084 ltaque
1548 2998 1710 3082 scripsisti

94 3094 218 3156 συνίασιν
228 3093 356 3174 ὑγιαίνοτς.
923 3095 1010 3155 ὄπισθ’
1020 3098 1042 3156 ί.
1055 3096 1077 3154 δ.
1090 3094 1141 3154 τίτί.

140 3183 207 3242 180.
223 3181 299 3255 ὑπτίη
313 3181 382 3258 GH,
405 3179 481 3262 ὑπτίη
493 3182 552 3254 ed.,
568 3181 604 3240 de
617 3201 677 3260 qna
687 3200 719 3240 re
732 3201 822 3259 snpra
832 3182 879 3241 di·
965 3185 1033 3246 τδτ.
1042 3181 1168 3242 λοίδονται
1182 3183 1210 3242 Η
1222 3182 1302 3258 edd,
1311 3180 1425 3242 λιίδοντο
1439 3200 1493 3242 nos
1503 3201 1521 3241 e
1530 3201 1607 3241 corr.
1615 3182 1668 3243 All
1679 3187 1710 3244 in

95 3283 186 3332 ctum.
198 3268 255 3330 Sed
268 3268 480 3330 emendandum
492 3269 638 3342 οτττίπτίη
651 3289 659 3330 :
673 3270 733 3333 vid.
745 3268 794 3343 Vl,
812 3271 879 3346 τιδ,
923 3273 1004 3352 praei.
1019 3292 1051 3352 p.
1067 3293 1148 3333 xcvr.
1507 3311 1515 3325 -

94 3367 166 3432 iso,
177 3358 245 3432 535,
259 3361 327 3433 706.
965 3360 1034 3419 αδδ.
1046 3357 1121 3418 ἄλλοι
1128 3359 1152 3417 δ’
1160 3360 1187 3418 ίν
1198 3357 1272 3428 ζώοις
1281 3357 1366 3418 δισσαί
1376 3355 1443 3418 edd.
1470 3355 1710 3432 itscoiell,bene:

142 3448 210 3505 182.
228 3445 395 3528 spondilos
412 3445 492 3519 edd.,
511 3445 676 3527 κραπταδίως
692 3464 746 3506 nos
763 3466 780 3505 e
800 3444 879 3524 conj.
926 3447 964 3506 cl.
980 3447 1037 3506 αδδ
1052 3458 1081 3505 et
1094 3446 1261 3526 supraaii.
1275 3443 1333 3504 Sed
1349 3459 1489 3524 praeterea
1507 3445 1608 3522 quales
1621 3447 1713 3506 stellae

96 3535 133 3592 A.
157 3535 241 3594 Alius
263 3536 427 3614 scripsisset
445 3533 613 3615 αρυπττδίοις
632 3533 760 3614 δολαροϊοί
778 3532 820 3612 τ’,
831 3534 882 3594 sed
926 3536 962 3595 ad
974 3533 1215 3595 hochenelicium
1229 3534 1460 3612 requirerentur,
1471 3532 1626 3593 dicendum
1639 3548 1711 3606 erat,

96 3623 204 3682 Noster
218 3643 277 3682 non
297 3637 374 3683 amat
395 3623 522 3702 epitheta
538 3623 672 3682 ornantia
687 3642 740 3702 per
762 3623 882 3701 copulas
926 3637 954 3682 et
969 3623 1109 3702 junctura
1130 3622 1285 3682 amborum
1308 3619 1506 3681 membrorum
1524 3621 1711 3682 restituenda.

92 3709 227 3788 jungere
323 3713 328 3724 ’
615 3699 618 3710 ’
926 3711 961 3770 ld
976 3711 1030 3770 leci
1041 3709 1197 3770 scribendo
1209 3709 1296 3785 καλοί,
1310 3711 1343 3769 ἰδ’
1356 3709 1382 3768 tv
1397 3709 1471 3779 ζώοις
1485 3710 1591 3777 δισσοῖς.

143 3821 210 3876 ¹9²·
224 3798 318 3878 liujus
333 3820 437 3862 versus
451 3800 620 3878 conjunctio
643 3819 695 3880 per
709 3800 880 3879 particulam
967 3799 1036 3858 αδδ.
1052 3799 1143 3866 παῖδας
1153 3798 1220 3858 edd.
1230 3841 1239 3870 ,
1250 3797 1343 3866 παιδὸς
1357 3817 1411 3857 nos
1422 3818 1430 3856 τ
1442 3797 1480 3858 cf.
1493 3797 1574 3857 infra
1594 3798 1650 3856 336
1665 3815 1711 3877 sq.

96 3887 148 3968 γάρ
172 3888 301 3948 confecta
332 3889 510 3949 demonstrat
539 3888 742 3967 hujuscemodi
764 3907 881 3949 versum
968 3889 1036 3945 261.
1053 3883 1125 3956 r'odsl
1135 3884 1211 3945 λίπον
1221 3875 1279 3944 ὦκα
1291 3884 1371 3958 edd„
1385 3885 1436 3946 sed
1449 3883 1657 3956 abillaeum
1668 3885 1710 3957 tt,

96 3989 164 4036 autc
176 3996 242 4040 em
257 3976 400 4037 excidisse
416 3998 423 4036 τ
927 3972 961 4032 τὰ
971 3974 997 4034 δ.
1013 3975 1040 4034 λ.
1052 3962 1086 4034 d.
1100 3973 1136 4046 Η,
1147 3971 1349 4046 ταδηλιπίνωκα
1361 3971 1392 4050 J,
1401 3973 1479 4032 unde
1490 3972 1633 4051 pluralem
1648 3993 1712 4052 pro·

502 4123 504 4132 ,
928 4061 1058 4120 nominis
1070 4061 1281 4121 restituendum
1301 4061 1402 4136 luisse,
1416 4062 1502 4120 etiam
1525 4059 1712 4119 multitudine

158 4121 250 4191 'lm‘
264 4127 403 4191 mim
413 4126 518 4191 ΜΗ
529 4125 624 4178 dnm·
639 4126 677 4176 ἐπὶ
693 4125 805 4190 mm·
927 4169 1030 4209 eorum
1052 4163 1118 4228 quae
1138 4149 1326 4230 pretermisit
1344 4145 1622 4218 commendabilem,
1645 4145 1714 4224 quis

96 4260 164 4323 Vld.
180 4279 269 4340 supra
281 4259 337 4340 111,
348 4263 387 4338 96
404 4270 450 4340 sq.
928 4249 988 4296 nou
1001 4236 1099 4298 videti
1600 4321 1606 4334 ι
1654 4321 1660 4336 .

969 4343 1037 4401 apo.
1054 4322 1158 4408 idpdp
1173 4325 1238 4400 GH,
1260 4323 1370 4406 ιί-δρίνη
1386 4325 1446 4397 ed.,
1463 4322 1512 4382 sed
1525 4333 1713 4382 concinunt*

160 4405 417 4492 ίνοίμρααιιρανίφ
431 4405 579 4490 immitior:
594 4397 782 4490 ὑπαπήίντνν·
927 4417 966 4479 tis
980 4412 1398 4495 gratiaemendaviidpdcnt.

159 4479 212 4536 lm*
225 4493 269 4542 ίῳ
280 4477 362 4542 ΜΗ
374 4477 452 4542 l‘m'
463 4477 580 4539 “um
591 4493 617 4526 '¹
627 4481 738 4541 mm*
746 4479 793 4527 ’ω
970 4499 1040 4578 275.
1056 4505 1080 4564 ol
1096 4503 1147 4586 γάρ
1160 4525 1206 4564 roo
1224 4501 1261 4573 G,
1272 4502 1296 4560 οί
1310 4499 1361 4581 γτίρ
1375 4521 1426 4558 που
1448 4498 1489 4571 Η,
1504 4497 1554 4558 sed
1566 4518 1632 4558 cum
1646 4513 1716 4560 nota

138 4628 206 4668 aoo.
218 4605 301 4681 Τίτην
309 4606 347 4679 G,
359 4603 444 4678 Tre-le
452 4604 511 4677 ed.,
521 4601 605 4666 Τιτὰν
622 4621 676 4662 nos
687 4624 695 4660 ι
706 4601 769 4662 rid.
781 4619 881 4680 supra.
931 4621 944 4648 ο
959 4593 1012 4675 γτίρ
1024 4615 1071 4654 τον
1084 4594 1134 4656 tts
1147 4615 1181 4666 ις
1197 4595 1221 4652 οἱ
1235 4589 1286 4672 γάρ
1301 4611 1341 4649 τοι
1355 4590 1401 4649 ed.
1416 4588 1529 4648 Falsum
1545 4608 1608 4648 esse
1619 4601 1713 4668 petet,

138 4705 208 4765 soi.
222 4693 356 4756 συνίωσιν
363 4693 446 4772 edd,
456 4692 577 4754 συνίασιν
589 4707 660 4758 nos.
672 4705 704 4752 nt
716 4691 885 4752 indicarunt
929 4683 981 4744 sed
992 4683 1076 4742 vario
1090 4681 1176 4742 modo
1188 4679 1339 4740 emendari
1349 4691 1460 4758 potest,
1473 4689 1522 4736 aut
1531 4678 1555 4736 οί
1564 4677 1587 4736 δ’
1598 4676 1651 4757 ἄρα
1661 4701 1715 4755 τοι,

100 4783 196 4844 Attin
211 4784 293 4864 prael.
311 4803 343 4863 p.
357 4803 438 4847 xcvi.
930 4785 980 4832 aut
991 4767 1040 4850 οἵγ’
1056 4770 1157 4852 ἄνδρας,
1172 4781 1222 4828 aut
1232 4769 1256 4828 ol
1272 4765 1385 4838 πάντως,
1397 4765 1448 4825 sed
1466 4766 1582 4844 pretuli
1600 4767 1626 4826 ol
1640 4764 1714 4842 μάλα

139 4875 208 4934 ani.
221 4874 244 4932 δ’
259 4873 426 4932 interseruit
929 4884 969 4921 τοι
982 4872 1103 4940 propter
1117 4877 1200 4918 usum
1214 4855 1363 4936 particulae
1374 4854 1478 4914 Nostro
1490 4843 1672 4914 familiarem.

141 4964 210 5021 add.
226 4959 342 5040 γίνοντο,
354 4959 386 5020 ld'
402 4960 473 5034 uti,
489 4947 601 5040 γένοντί,
615 4957 656 5030 ηδ’
669 4957 731 5036 eds,
742 4953 885 5036 γίνονὺ’,οί
971 4949 1039 5008 288.
1054 4945 1224 5024 iir'edd„
1239 4943 1377 5016 alternos.
1669 5031 1676 5044 ι

101 5053 123 5108 δ’
139 5071 194 5110 uos
209 5069 247 5110 ex
257 5049 370 5108 emend.
385 5049 487 5109 llerm.
503 5048 595 5127 Orph.
612 5067 641 5126 p.
657 5046 725 5119 750.
972 5037 1042 5114 ²95.
1058 5034 1080 5094 δ’
1097 5033 1149 5111 ἄρα
1160 5057 1217 5101 τως
1228 5031 1332 5114 ἄστρων
1342 5030 1400 5091 κατ’
1414 5030 1546 5113 ἀπείριτον
1561 5029 1638 5105 edd„
1652 5039 1717 5090 sibe

142 5159 211 5215 τος).
232 5135 307 5196 αὐτοὶ
321 5137 344 5194 δ’
365 5123 400 5195 αὑ
416 5123 495 5210 edd„
507 5136 587 5214 quod
598 5145 698 5213 operte
711 5131 814 5192 fulsum
826 5143 886 5203 est,
929 5118 1715 5204 οτιιντίταητιιδονίρτίδίγαθῶνέττρωνπαναπδστρορον,

102 5247 191 5304 quum
203 5225 277 5286 nibil
292 5225 363 5286 novi
377 5225 542 5304 adjiciatur,
557 5223 622 5296 sed,
645 5243 710 5304 quae
724 5220 786 5300 jam
808 5221 886 5280 dicta
928 5213 1008 5294 quod
1018 5213 1085 5272 eliis
1096 5211 1169 5271 locis
1179 5208 1269 5290 hujus
1286 5207 1355 5269 libri
1367 5207 1376 5290 ί
1388 5215 1455 5288 tat,
1468 5211 1536 5283 lod,
1549 5207 1617 5279 δδο,
1636 5207 1715 5288 dia)

1571 5324 1604 5361 ³1.
