3992 6078
330 413 366 463 58
867 409 943 468 ΤΟΥ
961 410 1056 470 ΦΙΛΗ
1079 410 1167 470 ΠΕΡΙ
1192 411 1382 473 atexnon.

393 565 547 623 ἐνθάπτεται
560 563 585 623 δὲ
599 566 651 631 τοῖς
664 567 757 645 μυχοῖς
767 569 818 624 τῶν
831 567 965 638 αὐλάκων,

394 652 439 710 καί
451 653 564 722 σήπεται
579 652 625 728 μὲν
640 653 754 720 ἐκλυθεὶς
769 655 825 721 ταῖς
841 655 967 730 ῖκμάσιν,

396 741 536 820 ὑφίσταται
549 743 572 799 δ’
585 732 628 799 οῦν
641 746 676 810 ὡς
688 741 750 808 ὀπὸς
765 743 945 821 πεπηγμένος,

393 827 556 887 λευκαίνεται
573 827 600 887 δέ
615 830 661 888 καὶ
674 829 819 910 προκύπτει
834 832 958 912 μετρίως,

353 917 539 976 σολιπαίνεται
558 915 585 974 δέ
600 915 646 974 καί
658 918 765 996 χλοάζει
779 920 826 977 καὶ
842 918 914 1001 βρύει

395 1008 441 1076 τῆς
455 1006 566 1076 ἡλιακῆς
581 1003 755 1072 είσὺαλούσης
769 1007 921 1084 λαμπάδος,

392 1094 437 1151 καί
451 1092 548 1171 γίνεται
565 1091 612 1169 μέν
626 1094 734 1175 εὐφυοῦς
751 1095 867 1173 βλάστης
880 1095 950 1174 πόα,

393 1179 562 1238 σκεδάννυται
577 1180 605 1239 δέ
618 1180 664 1240 καί
675 1181 800 1243 πλατύνει
814 1183 860 1256 τήν
878 1184 969 1263 βάσιν,

392 1267 438 1326 καῖ
451 1261 575 1348 ῥιζοποιεῖ
587 1273 719 1344 μυστικῶς
732 1269 779 1337 τάς
793 1273 929 1353 ἐκφύσεις,

355 1377 381 1414 ss
391 1353 438 1425 τήν
450 1355 601 1427 συνδετικῆν
615 1356 730 1433 ἐμὺολὴν
744 1360 909 1440 ὑποτρέμων,

392 1446 427 1510 tr<
439 1441 471 1503 ἂν
485 1444 514 1503 τὸ
528 1443 595 1525 βαρὺ
607 1449 654 1517 τῆς
667 1447 760 1526 χλιδῆς
772 1446 809 1524 μὴ
824 1447 961 1528 συμπέσῃ,

390 1535 441 1589 τῶν
454 1531 600 1591 άντιλαῦῶν
615 1537 661 1604 τῆς
674 1539 741 1615 φυῆς
754 1536 940 1615 ἡδρασμένων·

392 1620 541 1700 στηρίζεται
555 1627 616 1701 γοῦν
631 1623 677 1680 καί
690 1623 837 1703 προῦάλλει
851 1624 897 1697 τήν
910 1626 995 1703 κόμην

392 1709 523 1788 ζωστῆρσί
534 1733 601 1767 τισιν
614 1709 722 1778 ἐνδιθείς
734 1711 929 1795 πἐριστρόφοις,

353 1818 380 1857 σο
389 1797 454 1856 ἐπὰν
466 1796 510 1856 τὸν
523 1789 602 1856 αὑλον
617 1800 793 1878 εὐδρομοῦντα
809 1803 929 1883 δεικνύῃ,

300 1931 304 1940 .
391 1884 480 1962 μήπου
491 1884 635 1964 χαλασθεὶς
646 1889 736 1966 εὑρεθῇ
748 1891 945 1968 τεθραυσμένος.

390 1973 470 2034 otro
483 1973 511 2030 δὲ
522 1977 570 2044 τῆς
581 1975 707 2054 κρηπῖδος
720 1977 918 2055 ῆτοιμασμένης

389 2060 454 2140 πρὸς
465 2057 512 2126 τάς
525 2061 551 2117 ἐν
567 2062 640 2140 ἀκμῇ
655 2065 701 2133 τῆς
716 2068 781 2143 φυῆς
795 2066 966 2146 ὑπεκφύσεις,

309 2145 313 2152 ’
390 2148 529 2226 ἐγκυμονεῖ
543 2145 590 2224 μὲν
604 2153 622 2220 ἡ
636 2149 717 2218 κάλυξ
733 2151 775 2210 τὸν
790 2153 923 2233 άσταχυν,

351 2257 377 2296 σε
387 2235 543 2316 ἐκρήγνυται
558 2235 585 2294 δὲ
598 2236 645 2295 καί
658 2238 768 2318 προάγει
782 2240 826 2298 τὸν
841 2241 932 2312 τόκον,

388 2323 433 2384 καὶ
445 2324 592 2404 σπαργανοῖ
601 2324 646 2382 τὸν
659 2325 769 2401 κόκκον,
784 2333 819 2396 ὡς
830 2329 902 2409 λεχὼ
917 2330 1025 2412 βρέφος,

392 2409 524 2492 μερίζεται
536 2410 563 2468 δὲ
577 2415 623 2483 τῆς
634 2412 727 2491 χλιδῆς
738 2423 790 2482 πᾶς
802 2419 816 2473 ὑ
827 2415 922 2497 σπόρος

387 2497 524 2581 ἐξαιρέτοις
533 2502 642 2577 χιτῶσιν
657 2503 874 2583 ἐνσπειραμένος,

387 2585 424 2664 μή
437 2586 483 2646 καὶ
495 2586 634 2667 ψεκασθεῖς
646 2589 765 2670 ἐκτραπῇ
780 2595 813 2670 τῇ
830 2592 961 2651 συνθέσει·

350 2695 378 2735 70
388 2673 527 2755 ἅδρύνεται
542 2674 568 2732 δέ
583 2679 628 2733 τοῦ
643 2682 718 2736 κενοῦ
734 2681 916 2758 πληρουμένου

386 2767 420 2843 τῇ
434 2761 503 2819 κατά
517 2760 610 2840 μικρὸν
627 2767 679 2821 τῶν
694 2764 803 2823 δεόντων
820 2767 965 2846 προσθέσει·

387 2850 458 2910 Ἀλλ’
469 2849 513 2908 ἵνα
529 2851 610 2928 μηδὲν
628 2853 776 2930 προσπεσὸν
791 2859 843 2914 τῶν
857 2856 952 2935 ὀρνέων

385 2937 415 2998 τὸ
427 2940 534 3018 σπέρμα
546 2939 644 3016 γυμνὸν
659 2939 759 3018 εὑρεθὲν
774 2943 925 3024 διαρπάσῃ,
993 3019 996 3026 .

386 3027 510 3106 στιχηδὸν
526 3027 661 3109 άνθίρικας
673 3029 738 3097 ὀξεῖς
752 3030 857 3112 ἐκφύει,

350 3137 376 3177 7⁶
386 3117 493 3183 λεπταῖς
507 3119 626 3176 ἀκανθῶν
643 3118 764 3186 ἐκὺολαῖς
776 3120 944 3188 καθοπλίσας.

386 3195 467 3270 titre
481 3203 508 3262 δέ
521 3210 566 3264 τοῦ
579 3205 679 3273 δέοντος
692 3207 884 3286 ἐξικμασμένου

384 3294 429 3353 καί
440 3292 505 3374 πρὸς
516 3293 661 3374 παρακμὴν
673 3299 720 3369 τῆς
731 3301 807 3374 γονῆς
821 3298 985 3372 ὑποστάσης,

383 3382 472 3441 τὸτοῦ
487 3381 575 3463 θέρους
589 3382 715 3463 δρέπανον
729 3389 764 3451 ὡς
779 3384 810 3443 ἂν
826 3386 984 3465 προὸλέπων

387 3473 421 3537 εἷς
432 3474 482 3548 γῆν
495 3470 587 3528 ἑαυτὸν
598 3474 702 3551 ῶχριῶν
715 3472 859 3550 ἐπικλίνει,

345 3581 372 3619 so
383 3557 539 3638 μαραίνεται
553 3557 580 3616 δέ
596 3561 728 3619 κλαυσιῶν
741 3564 755 3620 ὑ
766 3561 933 3642 πρεσὺύτης,

381 3646 519 3712 συόοῦντος
531 3646 608 3704 αὑτὸν
620 3647 708 3728 ἠρέμα
722 3655 768 3708 τοῦ
783 3651 941 3727 πνεύματος.

384 3735 439 3797 Καὶ
453 3734 575 3812 τέμνεται
590 3734 638 3813 μὲν
653 3741 691 3819 τῷ
705 3739 864 3817 προσήκοντι
878 3739 981 3820 χρόνῳ,

382 3823 536 3901 καθαίρεται
551 3823 579 3882 δέ
593 3829 640 3896 τῆς
654 3827 779 3903 καλάμης
793 3828 924 3908 ήρμένης,

382 3910 549 3991 συντρίὸεται
561 3907 589 3969 δέ
599 3913 656 3978 ταῖς
669 3913 819 3993 κυλίστραις
833 3919 884 3973 τῶν
898 3917 976 3976 λίθοιν

343 4020 370 4060 ευ
380 3998 425 4058 καί
440 3998 570 4058 δείκνυται
585 3999 659 4066 σταλς
673 4002 833 4068 ἐκλεπισθεὶς
846 4007 859 4061 ὑ
873 4003 979 4085 στάχυς.

382 4086 561 4150 Συστέλλεται
576 4088 599 4145 δ’
611 4077 656 4146 οῦν
672 4091 708 4155 είς
720 4094 880 4169 φυραθεῑσαν
892 4091 990 4170 ζύμην,

381 4177 500 4256 πυγμαῖς
509 4177 643 4256 περιτταῖς
654 4178 751 4236 ὡσανεὶ
763 4178 938 4256 τετυμμένος,

382 4266 523 4325 ἐκτείνεται
539 4265 565 4323 δὲ
578 4265 736 4346 προσλαόιύν
748 4290 806 4325 τινα
819 4267 887 4337 ζέσιν

383 4357 412 4413 ἐκ
426 4357 476 4413 τῶν
490 4356 532 4414 ἐπ’
546 4356 625 4413 αὐτοῦ
637 4353 809 4415 συντεθέντων
822 4358 935 4438 άμφίων.

341 4465 370 4504 ευ
383 4443 437 4504 Καὶ
449 4443 595 4502 πλάττεται
608 4441 656 4520 μέν
670 4446 706 4508 εἷς
719 4443 763 4503 τὸν
777 4444 854 4524 άρτον
869 4447 963 4506 αὐτίκα
974 4493 982 4521 ,

380 4531 536 4604 συντήκεται
549 4531 576 4591 δὲ
588 4557 621 4612 τη
637 4533 713 4614 φλογί
728 4535 914 4615 προσεγγίσας.

381 4621 435 4681 Καὶ
445 4621 484 4687 τίς
495 4623 591 4688 ίκανῶς
600 4620 644 4678 τὸν
655 4627 776 4680 τοσοῦτον
790 4621 936 4701 θαυμάσει,

378 4709 440 4768 όταν
454 4709 484 4767 τὸ
498 4709 583 4786 καμὸν
597 4711 627 4766 ἐκ
641 4709 719 4786 λίμου
733 4713 811 4788 σῶμα
827 4712 908 4792 τρέφῃ

378 4797 423 4855 καί
438 4801 562 4880 ζωγραφῆ
577 4795 625 4868 τήν
639 4795 724 4878 ὥραν,
740 4800 770 4856 ἐκ
783 4801 835 4858 τῶν
850 4800 968 4877 έγκάτων

342 4907 369 4944 νε
379 4887 415 4952 είς
426 4886 475 4954 τὰς
488 4885 600 4996 παρειάς
611 4887 746 4966 εὐπρεπῶς
758 4889 921 4970 ἀνατρέχων.

416 4973 501 5047 Ἀλλ’,
515 4998 537 5032 ω
550 4977 679 5048 Βασιλεῦ,
693 4981 725 5056 τῇ
740 4978 826 5053 πλοκχῖΙ
842 4983 893 5036 τῶν
906 4983 949 5036 νῦν
962 4978 1046 5056 λόγων

375 5061 504 5140 ᾐνιξάμην
519 5062 561 5121 τὸν
577 5071 662 5137 σῖτον,
679 5067 726 5124 οὑκ
739 5067 895 5144 ᾐτησάμην·

378 5153 528 5230 εὐμήχανον
543 5149 593 5231 γίιρ
608 5155 643 5218 εἰς
655 5151 685 5210 τ“ο
699 5155 798 5211 λυποῦν
810 5158 826 5224 ἡ
839 5153 923 5233 φύσις.

378 5239 416 5299 tl
433 5241 473 5312 δ’,
487 5243 523 5306 ὡς
538 5239 605 5314 ἔθος,
620 5243 750 5317 τολμῶντε
765 5239 927 5318 συγγίνωσκέ
943 5263 998 5318 μοι.

1157 572 1182 619 et
1191 570 1215 618 in
1224 571 1321 621 latebris
1329 573 1453 622 sulcorum
1463 571 1588 634 sepelitur,

1157 659 1181 706 et
1191 659 1321 720 putrescit,
1332 663 1403 709 terras
1411 672 1499 721 vapore
1510 660 1654 709 dissolutum
1670 679 1677 710 ι

1157 761 1213 795 mox
1225 748 1328 809 speciem
1341 749 1431 797 habens
1442 748 1548 796 concreti
1559 748 1629 798 lactei
1643 749 1749 798 lrnnroris
1760 750 1862 800 subsistit

1156 839 1180 884 el
1191 836 1256 885 albet
1267 839 1292 886 ot
1302 837 1391 886 emicat
1402 837 1504 897 sensim,

1156 936 1227 984 porro
1236 923 1383 974 incrassescit
1392 927 1416 973 et
1427 925 1522 974 virescit
1530 928 1555 974 et
1565 925 1662 974 lrerbam
1674 926 1790 988 protrudit

1155 1011 1211 1060 solis
1223 1012 1334 1074 lampade
1342 1012 1479 1070 incidente.

1155 1101 1230 1161 atque
1241 1099 1269 1148 lit
1281 1101 1378 1150 venusti
1390 1101 1503 1160 germinis
1514 1101 1604 1161 lrerba,

1154 1189 1207 1236 turn
1220 1187 1335 1238 diffundit
1343 1203 1369 1238 se
1381 1202 1410 1237 ac
1421 1190 1500 1238 lulcra
1509 1203 1552 1238 sua
1562 1189 1662 1250 (titulat,

1155 1288 1184 1324 ac
1197 1277 1298 1339 mystice
1309 1276 1379 1326 nixas
1391 1276 1513 1326 rediemus
1526 1279 1616 1340 spargit
1627 1279 1778 1341 propagines,

1156 1365 1218 1414 intra
1230 1378 1256 1414 se
1265 1365 1374 1414 nutriens
1385 1364 1465 1413 nisum
1477 1365 1605 1425 colligandi
1617 1379 1672 1425 eas,

1155 1465 1186 1501 ne
1198 1451 1302 1524 luxuriet
1315 1451 1410 1514 pondus
1422 1451 1548 1513 concidat,
1626 1461 1629 1473 ·

1155 1541 1334 1602 germinationis
1345 1539 1412 1589 tibris
1422 1539 1541 1589 stabilitis.

1157 1627 1269 1690 Exsurgit
1280 1628 1343 1677 idem
1356 1641 1385 1676 ac
1395 1640 1491 1676 comam
1502 1627 1637 1689 protrudit,

1156 1716 1259 1778 cingulis
1268 1715 1415 1778 quibusdam
1429 1715 1549 1765 inclusum
1562 1716 1736 1778 circumiectis,

1155 1804 1255 1853 simulac
1264 1817 1290 1853 se
1298 1804 1369 1853 caule
1378 1803 1484 1853 erexerit
1494 1817 1553 1864 suo,

1155 1905 1186 1941 ne
1197 1891 1353 1942 munimentis
1364 1891 1483 1942 nudatum
1496 1891 1626 1954 aliquando
1638 1893 1769 1956 frangatur.

1155 1981 1191 2029 lta
1200 1979 1357 2030 tirndamento
1367 1979 1476 2031 stabilito

1153 2067 1185 2116 ad
1193 2067 1300 2130 germina
1310 2068 1390 2117 valida
1399 2070 1489 2132 plantae
1499 2068 1639 2131 tundenda,

1154 2155 1252 2218 gravida
1262 2157 1333 2219 calyx
1344 2156 1417 2218 spicae
1426 2155 1519 2218 frugem
1530 2156 1646 2220 parturit,

1154 2246 1178 2294 et
1187 2244 1276 2294 diffissa
1286 2245 1370 2294 fretum
1382 2245 1449 2304 edit,

1154 2333 1244 2394 atque,
1257 2333 1285 2381 ut
1296 2332 1412 2382 tutantem
1423 2345 1555 2395 puerpera,
1567 2346 1669 2393 granum
1684 2334 1761 2382 lesciis
1771 2329 1876 2390 insolvit,

1153 2420 1288 2470 secernitur
1297 2433 1356 2470 vero
1365 2433 1438 2471 omne
1447 2435 1529 2470 semen
1539 2421 1571 2470 ab
1580 2421 1737 2472 barbascenta
1745 2422 1833 2471 luxurie

1153 2509 1203 2559 suis
1211 2509 1324 2572 quodque
1333 2509 1421 2558 tunicis
1432 2509 1653 2569 circumvolutum,

1153 2611 1183 2648 ne
1191 2598 1252 2647 terte
1262 2611 1317 2647 rore
1325 2597 1488 2648 madefactum
1498 2612 1541 2662 per
1551 2598 1747 2661 conjunctionem
1755 2597 1909 2660 corrumpaturg

1153 2699 1225 2748 porro
1234 2685 1368 2749 grandescit
1377 2684 1408 2734 ad
1418 2686 1597 2747 maturitatem,
1607 2686 1666 2736 dum
1676 2700 1780 2738 vacuum
1790 2688 1896 2749 impietur,

1152 2774 1260 2836 partibus
1270 2774 1410 2824 necessariis
1424 2774 1512 2824 sensim
1522 2775 1721 2826 accrescentibus.

1151 2865 1242 2911 Verum
1256 2876 1287 2911 ne
1297 2862 1346 2911 ulla
1357 2862 1452 2912 irruens
1463 2862 1558 2912 avicula

1151 2964 1251 3012 granum
1265 2950 1359 2999 nudum
1373 2949 1485 3013 diripiat,

1151 3039 1241 3101 proteri
1251 3041 1336 3088 acutas
1346 3039 1431 3088 aristas
1443 3039 1527 3088 erdlne
1536 3041 1653 3100 structas,

1150 3126 1263 3176 tenuibus
1272 3127 1396 3189 spinarum
1409 3130 1515 3176 armatas
1527 3128 1675 3191 cuspidibus.

1151 3218 1241 3265 Rursus
1252 3217 1335 3264 autern
1349 3215 1467 3277 humore,
1479 3218 1599 3278 quantum
1611 3230 1653 3279 par
1665 3218 1715 3278 est,
1726 3216 1847 3274 exdecato,

1152 3303 1192 3352 ubi
1205 3304 1270 3365 spica
1281 3302 1388 3353 adolevit
1401 3305 1426 3354 et
1437 3303 1468 3352 ad
1481 3305 1645 3354 maturitatem
1660 3305 1767 3365 parvenit
1778 3304 1862 3366 plenam

1149 3393 1216 3453 turn,
1228 3393 1297 3454 quast
1307 3391 1385 3441 aestivi
1396 3393 1509 3441 messoris
1519 3392 1605 3442 lalccm
1615 3393 1769 3455 previderet,

1150 3480 1280 3542 pallescens
1289 3492 1375 3529 versus
1386 3481 1477 3529 terram
1489 3480 1610 3541 declinat,

1149 3570 1173 3626 et
1183 3569 1310 3618 marcescit
1319 3568 1439 3632 crepitans
1448 3569 1547 3632 rotula,

1149 3656 1231 3706 affiatu
1243 3659 1310 3706 venti
1320 3657 1406 3707 leniter
1417 3659 1516 3719 agitata.

1149 3750 1210 3795 Tum
1218 3745 1284 3807 justo
1296 3749 1408 3808 tempore
1419 3746 1561 3807 demetitur,
1587 3784 1592 3794 .

1148 3847 1177 3883 ac
1186 3835 1403 3897 purgaturstipula
1412 3835 1507 3897 ablata,

1148 3924 1282 3986 teriturque
1291 3937 1405 3973 saxorum
1415 3925 1579 3985 volutatione,

1148 4015 1172 4061 et
1184 4013 1349 4076 putaminibus
1360 4013 1441 4062 soluta
1452 4014 1519 4076 spica
1529 4014 1558 4063 lit
1570 4013 1654 4066 farina.

1149 4104 1207 4150 llreo
1219 4115 1277 4150 vero
1288 4103 1428 4150 in'massam
1439 4102 1608 4152 fermentatam
1620 4103 1786 4166 compingitur,

1149 4190 1234 4240 validis
1246 4189 1332 4252 pugnis
1342 4192 1458 4253 tanquam
1472 4191 1599 4254 fustigata5

1147 4281 1172 4328 et
1183 4279 1268 4328 dilatat
1276 4292 1315 4339 so,
1327 4281 1424 4342 recepto
1433 4279 1540 4341 quodam
1549 4279 1629 4328 calors

1148 4381 1179 4416 ex
1189 4380 1324 4430 pannomm
1335 4367 1381 4430 ipsi
1392 4367 1538 4430 injectorum
1548 4367 1670 4418 lomentis.

1145 4459 1207 4506 Tum
1217 4455 1297 4505 statim
1308 4456 1332 4504 in
1343 4457 1410 4517 panis
1420 4455 1521 4518 tigrrram
1531 4457 1685 4518 etiormatur,

1147 4548 1171 4594 et
1180 4545 1295 4594 admotus
1311 4545 1358 4606 igni
1367 4544 1495 4607 coquendo
1505 4545 1627 4596 contrabit
1635 4559 1670 4596 se.

1145 4635 1202 4681 lara
1212 4633 1267 4695 ιμιίε
1275 4632 1376 4682 tandem
1386 4632 1438 4694 ejus
1447 4633 1497 4682 rlm
1510 4634 1569 4682 sotis
1577 4633 1693 4683 admirari
1703 4631 1806 4697 polerit,

1144 4734 1220 4783 quum
1232 4722 1296 4770 larue
1305 4720 1424 4770 alllictum
1437 4735 1526 4784 corpus
1538 4723 1646 4783 enutrit,

1144 4813 1168 4858 el
1180 4809 1247 4858 faciei
1258 4809 1463 4872 pulchritudinem
1476 4811 1566 4874 pingit,
1580 4824 1678 4860 sursum
1689 4824 1721 4860 ex
1732 4807 1843 4860 intestinis

1144 4898 1251 4958 ingenus
1260 4901 1362 4948 venuste
1374 4913 1513 4962 exsurgens.
1777 4953 1780 4962 ,

1174 4989 1364 5049 Verumtamen,
1375 5003 1390 5037 o
1402 4990 1468 5048 llex,
1479 4987 1566 5037 trorum
1576 4988 1706 5038 verborum
1716 4985 1847 5048 ambegibm

1142 5075 1275 5136 significavi
1289 5077 1388 5138 quidem
1404 5090 1539 5138 annonam,
1553 5089 1601 5126 non
1612 5076 1741 5137 etllagitavi
1755 5095 1761 5126 ι

1143 5167 1231 5212 natura
1241 5165 1304 5213 enim
1315 5165 1339 5214 in
1351 5166 1468 5215 aerumnis
1477 5165 1600 5226 ingeniosa
1613 5168 1655 5214 est.

1142 5253 1178 5300 'ru
1188 5263 1247 5300 rero
1255 5252 1374 5303 audacnlo
1384 5253 1457 5312 milri,
1468 5267 1511 5316 pro
1521 5257 1562 5302 lua
1571 5251 1862 5314 enuclearem
