3992 6078
340 569 490 650 στηρίζεται
500 571 552 652 γδρ
563 573 675 652 εὐχερῶς
686 576 735 632 κᾶν
747 581 798 639 τοῖς
812 573 902 641 λίθοις·

341 659 479 719 ἐντείνεται
494 660 520 719 δὲ
535 660 581 719 καὶ
595 661 704 743 προάγει
719 664 766 733 τὴν
781 662 879 740 κόμην·

340 748 385 807 καῖ
397 749 449 828 γὰρ
459 749 489 808 τό
499 749 591 808 πιστόν
603 752 713 828 ἐμπεδοῖ
722 755 779 818 ταῖς
791 751 933 831 ἀγκύραις,

292 859 330 898 iss
341 838 386 897 καί
399 847 451 906 τοῖς
464 838 628 901 ἑπιπνέουσιυ
642 839 749 920 ἀντέχει
762 841 864 912 σάλοις,

340 927 428 1006 ὥσπερ
441 950 479 992 τις
497 926 575 994 δλκάς
586 927 718 1006 ἱδρυθεῖσαι
731 937 783 995 τοῖς
795 927 893 994 κάλοις.

289 1062 292 1068 ,
339 1013 425 1074 'Esto
439 1015 466 1072 δέ
482 1017 569 1082 καλῶς
582 1017 718 1097 όργανόισῃ
732 1017 776 1076 τὸν
788 1017 896 1088 κλάδον,

340 1109 405 1160 κινεῖ
419 1103 481 1161 καθ’
496 1102 586 1182 εἱρμδν
603 1103 649 1170 τὰς
666 1104 743 1182 γονὰς
757 1108 774 1174 ἡ
792 1103 934 1182 θερμότης,

332 1189 358 1257 ἐξ
373 1181 410 1248 ῶν
424 1214 449 1248 τι
463 1191 558 1249 λεπτδν
573 1193 596 1249 εἰ
610 1188 738 1272 προκύψει
753 1191 895 1272 σπαρτίον,

290 1297 329 1337 teo
338 1279 392 1336 ἰδοῦ
408 1276 527 1358 σταφυλὴ
540 1278 586 1336 καί
599 1277 651 1360 φυὴ
666 1278 856 1359 καρποτρόφος.

342 1364 395 1424 Καὶ
406 1363 529 1443 τέμνεται
542 1365 588 1443 μὲν
602 1371 618 1438 ἡ
630 1365 709 1444 χλιδὴ
721 1371 773 1425 τῶν
785 1367 910 1446 ἀκρίδων·

338 1453 367 1509 οὐ
378 1453 418 1510 δεῖ
430 1451 481 1533 γδιρ
497 1453 577 1524 αὐτὴν
593 1454 752 1532 προσλαόεῖν
767 1452 814 1518 τδις
829 1453 955 1532 ἰκμάδας,

338 1540 381 1621 ὐφ’
392 1530 428 1598 ῶν
444 1539 552 1599 δυνατὸν
568 1543 728 1623 έκτραφῆναι
746 1541 793 1608 τὰς
811 1543 905 1621 βάγας·

339 1627 497 1709 προέρχεται
510 1628 536 1688 δὲ
550 1636 685 1708 συγγενοῦς
696 1629 787 1695 ἄνθους
797 1631 880 1709 χνόη,

292 1736 330 1774 trs
339 1715 385 1773 καί
397 1717 475 1774 πάλιν
489 1717 571 1787 αὐτῆς
584 1719 718 1795 ἔκρυείσης
733 1719 839 1778 αὐτόθεν

337 1808 354 1874 ἡ
369 1803 537 1884 κεγχροειδιλς
548 1808 599 1863 τῶν
614 1808 685 1863 ὀπῶν
700 1805 775 1877 πῆξις
792 1807 875 1887 βρύει·

340 1893 446 1972 σφαιροῒ
464 1890 515 1970 γδιρ
530 1890 612 1962 αὐτὴν
626 1896 673 1963 τῆς
688 1902 773 1972 πυρᾶς
786 1898 803 1964 ἡ
818 1894 955 1975 γοργότης·

338 1979 479 2038 ἐκτείνεται
493 1977 520 2037 δέ
534 1979 579 2037 καὶ
594 1979 623 2038 τό
638 1983 689 2038 τῶν
705 1979 809 2060 φύλλων
826 1981 915 2061 δέρας,

338 2067 383 2126 καί
397 2071 428 2148 ζῇ
441 2070 561 2148 καθαρῶς
573 2066 618 2125 καί
629 2067 774 2149 προκόπτει
786 2067 819 2127 rb
833 2070 915 2149 βρέφη

291 2176 330 2216 ιιο
340 2157 376 2221 εἰς
387 2157 504 2235 αὐτοφυῆ
517 2155 739 2236 σπαργανούμενα
751 2156 862 2227 σκέπην.

341 2243 500 2322 Ἀντίργεται
515 2249 576 2322 γοῦν
592 2248 609 2314 ἡ
626 2243 698 2323 βολίς
711 2250 757 2304 τοῦ
771 2247 923 2326 φωσφόρου·

338 2331 446 2413 καὶγὰρ
459 2333 562 2391 ιἰπειλεῖ
573 2331 620 2404 τὴν
634 2330 729 2410 βολην,
742 2337 777 2400 ὡς
794 2334 917 2410 τοξότης,

338 2411 406 2498 αἷμα
421 2421 554 2501 σταφυλῆς
568 2421 666 2478 ἐκπιεῖν
681 2421 850 2499 ἠπειγμένος·

341 2509 494 2568 ἀνθίσταται
509 2508 537 2567 δὲ
548 2513 594 2580 τῆς
611 2508 730 2587 χαλάζης
744 2518 797 2576 τοῖς
811 2511 889 2576 λίθοις

291 2618 328 2658 trs
338 2602 355 2668 ἡ
367 2603 413 2657 τοῦ
426 2597 532 2674 στέγους
544 2596 701 2674 σύμπτυξις,
714 2598 821 2664 ἀσπίδος
834 2599 924 2676 δίκην,

338 2684 400 2744 όταν
415 2687 515 2765 ἐπαρθῇ
527 2688 579 2743 τῶν
591 2687 674 2764 νεφῶν
687 2691 704 2757 ἡ
720 2687 856 2766 σφενδόνη.

339 2772 407 2840 Τούς
420 2773 543 2853 όμφακας
555 2772 583 2830 δὲ
595 2771 663 2831 κατὰ
677 2773 769 2853 μικρὸν
782 2774 890 2856 ἁδρύνει

337 2863 431 2941 ψυχρῷ
443 2860 472 2919 τὸ
485 2860 578 2940 θερμὸν
589 2859 731 2940 συγκραθὲν
744 2863 813 2921 κατὰ
825 2863 927 2942 χρόνον·

341 2949 396 3016 θεὸς
411 2947 438 3007 δέ
453 2949 529 3029 τηρεῖ
542 2948 708 3018 συντεθείσας
719 2949 765 3016 τδς
778 2949 872 3028 ῥάγας,

290 3057 330 3097 ιιιο
338 3037 451 3118 γίγαρτα
466 3035 565 3113 πηγνύς
578 3038 678 3119 εὐφυῶς
693 3036 749 3096 ἀντ’
764 3038 877 3117 ὀστέων,

339 3116 379 3192 αἶς
391 3127 461 3184 ἐστιν
473 3129 489 3196 ἡ
503 3122 568 3203 σάρξ
580 3125 710 3196 εὐπαθὴς,
725 3128 746 3182 εἷ
759 3126 896 3208 περκάσει.

338 3211 379 3272 Ὦ
393 3217 499 3288 θαύμαί
514 3212 558 3271 καὶ
573 3216 629 3278 πῶς
643 3236 675 3290 τη
692 3213 808 3293 τοσαύτη
824 3213 941 3274 συνθέσει

339 3386 383 3445 καὶ
399 3385 437 3453 τίς
449 3393 536 3466 ἀραιοῖ
552 3391 582 3466 τῇ
596 3387 693 3456 συνέξει
708 3388 756 3455 τδις
770 3389 868 3470 βάγας,

292 3473 355 3546 latit
368 3474 407 3542 τίς
421 3474 501 3534 πάλιν
514 3473 642 3554 πήγνυσιν
654 3478 689 3542 εἷς
701 3476 865 3551 διαστάσεως

339 3565 439 3641 μᾶλλον
451 3562 481 3620 δὲ
493 3567 548 3630 πῶς
560 3563 695 3640 κλήματος
710 3565 783 3636 διπλῆ
798 3590 836 3632 τις
853 3564 927 3644 φύσις

338 3655 409 3710 ποιεῖ
423 3648 579 3732 μερισμούς,
596 3647 627 3708 ἀν
643 3655 768 3732 μερισθῇ,
784 3655 914 3732 βοτρύων,

339 3739 385 3798 καί
394 3737 453 3806 τούς
468 3737 516 3816 μέν
530 3742 564 3805 ὡς
575 3738 672 3818 όνυχας
686 3737 703 3810 ἢ
718 3738 810 3821 ῥάμφη
824 3740 931 3820 τρέφει,

339 3826 398 3894 τούς
412 3823 440 3886 δὲ
454 3823 599 3905 στεγανούς
610 3828 646 3892 εἰς
659 3827 811 3906 κυλίνδρους
826 3827 927 3907 ἐξάγει,

290 3914 353 3987 moi
368 3912 540 3985 κωνοειδεῖςῆ
553 3911 691 3992 τριγώνους
705 3913 831 3992 δεικνύει,

342 4001 388 4061 καί
401 3999 460 4068 τούς
472 3999 520 4077 μὲν
532 4002 568 4068 εἰς
580 4000 681 4082 έρευθος
691 4002 780 4082 ἠρέμα
791 4002 900 4084 γράφει,

340 4088 399 4156 τούς
409 4090 436 4148 δὲ
449 4088 522 4169 βρύει
533 4089 663 4166 μέλανας,
674 4088 691 4162 ἢ
703 4087 802 4150 τούτων
817 4090 927 4172 μέσους,

340 4177 399 4245 τοὺς
414 4178 437 4235 δ’
453 4180 588 4258 αὐτοφυεῖς
603 4178 781 4259 ἀκναφεύτους
795 4179 925 4260 ἀχρόους,

341 4266 381 4347 ἐφ’
393 4256 430 4334 οἷς
442 4264 472 4324 τό
485 4265 577 4324 λευκὸν
591 4265 793 4348 ἐγκρατέστερον
809 4267 893 4346 μένει.

291 4375 329 4414 tus
341 4357 404 4420 Πῶς
414 4359 502 4431 γεῦσις
514 4356 601 4422 αὐτοῖς
614 4365 695 4413 πᾶσιν
709 4356 799 4423 ἁπλῶς
814 4357 844 4416 οὐ
857 4356 922 4434 μίας

340 4441 505 4501 ποικίλλεται
516 4441 698 4523 γάρείκριύῶς
711 4444 775 4526 πρὸς
788 4442 835 4512 τδις
848 4443 931 4526 χρόας

345 4530 390 4588 καὶ
404 4527 451 4600 την
469 4531 702 4607 *μεταλλεύουσαν
716 4533 836 4612 ἀρρήτως
850 4533 929 4594 θέσιν.

343 4617 412 4677 Ἀλλ’
425 4616 448 4676 ῶ
461 4618 575 4677 κιόωτοῖι
587 4626 718 4690 σωστικῆς
730 4621 859 4680 ἐπιστάτα

342 4706 387 4764 καί
399 4711 444 4764 τοῦ
457 4707 515 4765 καθ’
528 4711 600 4783 ἡμᾶς
611 4709 766 4786 ἀμπελῶνος
781 4710 878 4789 έργάτα

290 4813 331 4854 aco
341 4797 369 4873 (ό
381 4793 432 4874 γὰρ
443 4794 519 4872 λόγος
529 4795 577 4869 την
589 4795 648 4878 ὄψιν
661 4800 695 4865 εἰς
708 4797 738 4858 σέ
748 4803 792 4856 νῦν
805 4797 939 4879 στρέφει),

342 4882 374 4942 σύ
390 4884 436 4961 μέν
452 4893 603 4965 φυτουργεῖς
617 4889 643 4944 ἐν
659 4891 741 4968 στενῷ
755 4891 804 4965 γῆς
819 4888 849 4946 τὸ
864 4887 953 4962 ξύλον,

341 4971 371 5031 τδ
385 4971 412 5031 δὲ
427 4972 553 5052 προελθὸν
567 4975 603 5039 εἰς
616 4973 692 5052 γονὰς
706 4976 869 5056 πολυχρόους

343 5064 380 5129 εἰς
394 5059 494 5140 μακρὸν
510 5059 616 5129 ἐξέτεινε
628 5062 675 5130 τὰς
686 5064 859 5142 κληματίδας·

344 5150 392 5209 καί
407 5155 451 5208 νῦν
465 5148 522 5229 ἔχει
535 5149 566 5208 τδ
579 5152 670 5226 κλῆμα
684 5156 731 5223 τῆς
745 5157 791 5223 σῆς
806 5151 926 5229 ἀμπέλου

294 5247 417 5298 abendon
431 5237 514 5305 κτίσις
528 5237 574 5296 καί
586 5240 694 5316 σύμπαν
710 5239 852 5320 ἀνθρώπων
864 5239 936 5318 γένος

183 405 184 408 “
278 425 314 474 do
814 419 891 476 ΤΟΥ
913 419 1009 477 ΦΙΛΗ
1032 419 1125 476 ΠΕΡΙ
1148 419 1334 480 ΒΟΤΡΥΟΣ.

1048 574 1053 582 '
1102 582 1190 646 quippe
1201 596 1276 646 quum
1286 584 1324 633 rel
1337 583 1367 631 ad
1377 585 1466 646 lapides
1478 583 1547 632 facile
1558 583 1696 642 annitatur;

1101 665 1174 726 atquc
1183 664 1292 714 extrudit
1301 677 1327 714 se
1335 667 1360 714 et
1369 677 1464 714 comam
1474 664 1579 714 elluudlt
1590 685 1597 712 z

1101 766 1206 816 namque
1216 767 1284 802 suam
1297 753 1450 804 securitatem
1462 753 1544 802 serrat
1552 752 1605 803 istis
1613 753 1721 813 auroris,

993 887 998 899 ,
1102 845 1126 892 et
1138 843 1228 892 resistit
1237 841 1376 892 afflantibus
1386 841 1584 904 tempestatibus,

1101 931 1172 979 sicuti
1183 930 1304 992 navigium
1315 931 1413 980 lusibus
1422 930 1541 980 innixum.

1103 1022 1185 1076 Quum
1197 1032 1255 1068 vero
1269 1019 1325 1068 vitis
1338 1019 1399 1069 bone
1412 1019 1555 1082 produxerit
1567 1018 1691 1081 punitas,

1102 1107 1181 1156 calore
1191 1107 1318 1157 eliciuntur
1328 1107 1401 1157 ioetus
1410 1106 1491 1156 baccae
1502 1121 1546 1156 suo
1556 1109 1670 1169 tempore
1680 1119 1686 1150 ι

1102 1195 1211 1257 equibus
1219 1194 1239 1244 si
1248 1195 1393 1258 prominabil
1402 1196 1483 1246 tenuis
1491 1194 1639 1257 cauliculus,

1103 1297 1133 1332 an
1143 1283 1213 1333 adest
1222 1297 1270 1332 uua
1280 1286 1304 1333 at
1313 1297 1411 1345 germen
1421 1284 1570 1346 irngilerurn.

1102 1375 1176 1420 Porro
1189 1372 1295 1421 luxuries
1304 1373 1444 1434 amputatur
1453 1373 1618 1422 extremorum
1634 1371 1816 1430 sarmentorum

1102 1473 1150 1509 non
1161 1457 1233 1510 debct
1244 1458 1308 1510 enim
1322 1459 1375 1509 brec
1386 1459 1416 1508 ad
1429 1473 1454 1510 se
1467 1459 1563 1510 trabere
1575 1471 1680 1509 succum

1103 1548 1238 1598 nutriendis
1248 1549 1328 1597 baccis
1338 1549 1520 1598 inserviturum.

1102 1639 1164 1686 Tum
1175 1637 1268 1698 cogrrutl
1278 1636 1342 1686 lloris
1352 1637 1439 1698 lanugo
1449 1637 1562 1698 emergit;

1106 1726 1148 1788 qui
1158 1725 1178 1774 si
1188 1738 1271 1774 rursus
1279 1725 1336 1775 inde
1345 1725 1473 1787 deciderit,

1102 1813 1253 1875 protruditur
1262 1827 1357 1876 gemma
1369 1814 1436 1863 milio
1447 1814 1531 1863 similis
1542 1827 1556 1863 ε
1567 1813 1723 1864 consolidatis
1732 1813 1820 1864 succis:

1102 1915 1159 1951 nam
1169 1905 1236 1965 vigor
1245 1902 1322 1951 innati
1331 1903 1418 1951 coloris
1428 1915 1482 1952 eam
1491 1901 1667 1964 corrotundat;

1103 1993 1175 2040 etiam
1185 1991 1355 2054 pampinorum
1365 1990 1471 2039 ambitus
1479 2003 1506 2039 sa
1514 1989 1613 2051 dilatat,

1104 2093 1132 2128 ao
1143 2080 1213 2128 loetus
1224 2092 1327 2128 uvarum
1338 2093 1394 2128 rere
1403 2079 1492 2128 vivunt
1500 2091 1529 2128 ec
1537 2078 1667 2142 proliciunt

1103 2168 1207 2230 tegmina
1216 2169 1334 2227 connato,
1344 2167 1420 2217 voluti
1431 2167 1548 2228 fasciolis,
1558 2166 1672 2217 involuti.

1070 2273 1072 2284 ¹
1103 2258 1184 2318 itque
1198 2255 1232 2305 ita
1244 2256 1326 2317 jacula
1340 2255 1445 2306 Luciferi
1457 2257 1580 2316 arcentur,

1105 2345 1146 2400 cul
1155 2343 1230 2394 valoti
1241 2343 1378 2405 sagittarius
1387 2343 1495 2394 minatur
1502 2343 1595 2406 jactus,

1105 2444 1159 2482 urm
1173 2431 1313 2494 sanguinem
1327 2431 1456 2482 exsorbere
1467 2443 1607 2494 properans.

1104 2519 1200 2570 Resbtit
1211 2520 1285 2569 etiem
1294 2519 1438 2582 grandinum
1448 2519 1572 2583 lapidibus

1104 2607 1157 2658 baec
1168 2609 1281 2672 tegminis
1296 2608 1448 2672 complexio,
1462 2610 1580 2671 tanquam
1592 2608 1704 2670 clypeus,

1106 2709 1181 2758 suum
1195 2695 1305 2745 turbines
1319 2693 1421 2745 nubium
1433 2697 1558 2757 surgentes
1569 2694 1718 2758 impendent.

1105 2787 1138 2834 Ac
1151 2783 1276 2845 paullatim
1289 2782 1460 2833 roboraturus
1470 2782 1550 2833 adhue
1561 2782 1706 2833 immaturas

1105 2873 1196 2921 alterno
1208 2871 1296 2933 trigono
1307 2871 1373 2922 calor
1384 2872 1546 2934 temperatum
1672 2916 1676 2926 .

1105 2963 1171 3010 Deus
1182 2960 1263 3010 autem
1275 2960 1356 3008 serrat
1367 2959 1454 3008 baccas
1465 2959 1511 3009 rite
1522 2961 1689 3021 constructas,

1104 3048 1163 3097 dum
1176 3047 1330 3097 duriusculos
1342 3047 1427 3098 aolnos
1442 3045 1497 3097 loco
1512 3047 1604 3098 ossium
1618 3048 1821 3110 musagorem,

1105 3136 1193 3198 ombus
1203 3135 1285 3186 bacris
1295 3149 1353 3184 caro
1363 3135 1445 3186 suavis
1453 3138 1508 3197 est,
1521 3149 1598 3200 quum
1610 3137 1717 3187 colorem
1729 3135 1870 3185 durantum.

1106 3227 1184 3274 (trem
1192 3224 1358 3274 admirabilem
1366 3226 1373 3274 t
1381 3226 1407 3276 et
1413 3224 1536 3288 quomodo
1543 3239 1558 3274 a
1566 3231 1614 3274 tarn
1623 3225 1696 3275 variis
1702 3227 1794 3276 interae
1801 3223 1872 3286 ’ςειιειιι

1105 3311 1202 3362 dillerta
1210 3313 1294 3362 tunica
1302 3312 1403 3363 folliculi
1411 3313 1554 3375 neutiquam
1564 3312 1669 3363 dilituit?
1805 3309 1871 3375 [rebus

1106 3407 1130 3450 at
1144 3403 1200 3462 quis
1212 3401 1356 3463 coniunctas
1368 3401 1509 3464 vicinasque
1520 3401 1607 3451 baccas
1617 3401 1748 3452 intervallis
1761 3397 1869 3463 disjungit.

1106 3489 1149 3538 aut
1158 3489 1211 3552 quis
1220 3489 1325 3539 vicissim
1334 3489 1359 3538 iu
1368 3487 1519 3552 disjunctum
1527 3490 1676 3552 compingit?

1105 3576 1155 3626 imo
1166 3589 1224 3626 uero
1236 3590 1285 3640 quo
1295 3578 1367 3640 pacto
1377 3577 1434 3628 ritis
1442 3578 1544 3641 simplex
1555 3580 1643 3626 natura

1107 3665 1130 3712 in
1137 3664 1244 3714 diversas
1250 3665 1301 3715 abit
1309 3679 1415 3715 uvarum
1422 3667 1621 3726 tormas‚sialrse
1629 3669 1714 3717 mutuo
1723 3663 1867 3715 saomnmlur?

1107 3767 1211 3816 nunqua
1223 3754 1282 3804 allas
1290 3767 1374 3804 earum
1387 3755 1465 3804 nutrit
1476 3755 1572 3818 ungulae
1582 3755 1687 3816 similes,
1697 3757 1738 3804 aut
1747 3753 1822 3810 rostri.

1108 3841 1166 3892 olias
1175 3842 1299 3904 protrudit
1307 3844 1405 3905 opertas
1413 3843 1438 3892 in
1452 3843 1553 3905 cylindri
1565 3843 1686 3906 speciem,

1105 3930 1165 3980 alias
1178 3931 1232 3979 roni
1246 3934 1290 3981 aut
1302 3932 1415 3994 trianguli
1424 3931 1501 3994 ligura
1510 3933 1597 3993 omat;

1106 4021 1181 4071 porro
1190 4008 1250 4058 alias
1259 4009 1306 4058 leni
1316 4009 1405 4059 rubore
1413 4011 1548 4073 purpurat,

1035 4129 1037 4132 -
1106 4097 1165 4146 alias
1174 4097 1254 4148 tundit
1262 4099 1354 4161 nigras,
1365 4098 1425 4148 alias
1435 4099 1515 4149 madio
1524 4098 1613 4148 horum
1624 4099 1723 4159 colora,

1106 4187 1131 4236 et
1139 4187 1199 4236 alios
1208 4186 1414 4250 nativas,absque
1424 4187 1539 4242 fullonica
1548 4189 1615 4250 arto,
1625 4187 1714 4236 coloris
1722 4185 1795 4236 omnis
1802 4191 1868 4242 ειμι·

1105 4274 1231 4336 inquibus
1244 4277 1326 4324 manet
1339 4275 1407 4324 albor
1420 4276 1538 4338 superior.
1824 4267 1869 4332 lter,

1108 4363 1238 4422 Quomodo
1249 4363 1296 4412 lilia
1307 4363 1422 4414 omnibus
1433 4364 1532 4414 minima
1544 4377 1608 4414 unrrs
1620 4363 1734 4426 idemque
1745 4374 1809 4426 sapor
1818 4353 1858 4406 cali

1107 4452 1147 4501 bic
1158 4452 1223 4502 enim
1234 4452 1304 4515 plane
1314 4451 1393 4502 variat
1406 4452 1539 4502 secundnm
1551 4453 1645 4504 colores
1714 4504 1719 4513 ,

1106 4542 1131 4589 at
1142 4540 1276 4590 secundum
1285 4541 1359 4592 situm
1370 4540 1464 4591 infinita
1478 4542 1581 4590 varium.

1107 4629 1178 4680 Sedo
1193 4630 1306 4692 praetante
1316 4643 1380 4680 arom
1391 4629 1512 4691 salutaris,

1107 4720 1133 4769 ct
1142 4713 1233 4777 vinem,
1243 4731 1292 4781 qua
1300 4731 1365 4768 nuno
1376 4717 1489 4778 fruimur,
1502 4717 1582 4767 cultor

1109 4807 1149 4868 (in
1161 4807 1186 4856 te
1197 4805 1262 4855 enim
1276 4819 1330 4856 mea
1346 4807 1422 4856 oratio
1437 4819 1503 4857 nunc
1517 4807 1601 4856 oculos
1612 4805 1761 4868 conuertit),
1791 4839 1794 4849 .

1106 4896 1135 4944 tu
1144 4893 1241 4958 quidem
1250 4896 1346 4957 plantus
1355 4875 1482 4944 surculum
1491 4895 1598 4945 intarrra
1607 4895 1711 4956 angulo,

1107 4983 1147 5032 llic
1156 4995 1214 5032 vero
1226 4995 1365 5045 progressus
1375 4984 1401 5032 in
1413 4983 1522 5033 sobolem
1531 4983 1665 5032 multorum
1678 4982 1784 5032 colorum
1860 4989 1864 4996 '

1107 5071 1223 5121 latissime
1237 5071 1346 5120 extendit
1359 5071 1514 5134 porrexitque
1528 5072 1660 5134 palmites:

1106 5160 1131 5206 et
1143 5171 1207 5207 nunc
1218 5157 1322 5220 possidet
1333 5160 1407 5208 vitem
1418 5162 1467 5209 tuae
1477 5160 1554 5209 vineae

1028 5269 1042 5292 a
1106 5245 1185 5296 omnis
1196 5247 1308 5296 creatura
1318 5250 1417 5310 totaque
1428 5247 1553 5298 bominum
1564 5247 1720 5308 universitas,
