4058 6092
861 495 1076 557 ruarmo
1157 485 1174 492 “
1729 498 1760 570 nj

183 627 440 722 discrepantia,
465 652 573 722 quarn
596 653 638 698 ex
662 629 718 698 his
737 626 923 698 codicibus
941 652 1024 696 cum
1040 649 1179 696 summa
1195 624 1447 696 benevolentia
1460 625 1498 694 in
1518 648 1640 705 meum
1654 648 1761 694 usum

182 761 342 828 enotavit
362 758 580 844 Dithnerus,
609 759 739 854 partim
766 757 944 845 intellexi,
963 755 1216 828 Sanctamandi
1235 757 1464 827 collationem
1480 757 1516 826 in
1533 756 1613 827 aliis
1635 757 1762 828 carmi·

182 891 290 960 nibus
314 890 578 960 accuratissime
594 891 796 960 institutam
812 915 898 978 esse,
920 890 956 958 in
977 889 1053 959 aliis
1073 890 1156 959 satis
1173 887 1390 976 festinanter,
1404 889 1534 984 partim
1554 913 1762 984 persuasum

183 1021 271 1090 mihi
298 1036 367 1110 est,
392 1046 500 1117 quam
516 1022 653 1091 Gailius
675 1047 715 1091 ex
734 1020 840 1092 codd.
857 1021 1024 1090 Parisinis
1044 1019 1222 1114 collegerit
1240 1019 1437 1089 lectionum
1457 1017 1668 1113 farraginem
1687 1043 1761 1090 non

182 1178 258 1223 esse
278 1153 531 1251 spernendam,
551 1155 616 1223 etsi
636 1154 813 1223 nonnulla
832 1154 922 1223 scitu
949 1126 1158 1246 dignissima
1185 1150 1327 1221 silentio
1350 1151 1554 1222 transmissa
1574 1165 1670 1222 sunt.
1689 1155 1762 1246 Ego

181 1309 296 1382 quum
313 1285 478 1356 criticum
508 1288 806 1356 commentarium
835 1285 992 1354 scribere
1017 1310 1085 1381 pro
1107 1283 1215 1377 hujus
1235 1283 1403 1353 editionis
1434 1285 1570 1354 ratione
1600 1308 1674 1354 non
1694 1309 1762 1380 po-

184 1418 332 1506 tuerim,
348 1443 463 1514 pauca
477 1416 730 1496 tantummodo
752 1417 853 1487 attuli
869 1441 949 1511 quae
963 1415 1100 1512 aliquid
1116 1415 1271 1486 facerent
1290 1413 1337 1486 ad
1357 1416 1549 1486 lectionem
1568 1417 1762 1487 verborum

183 1565 361 1647 receptam
386 1551 652 1620 vindicandam.
680 1555 806 1619 Postea
835 1547 924 1618 mihi
955 1549 1112 1618 innotuit
1139 1547 1356 1618 Scholiorum
1382 1545 1661 1620 Theocriteorum
1670 1576 1761 1647 pars

179 1681 311 1753 inedita
329 1709 436 1780 quiam
451 1683 503 1752 ad
523 1682 652 1752 codicis
672 1679 1000 1772 Gencvertn'sfidem
1016 1679 1125 1751 edidit
1141 1686 1179 1750 F.
1201 1647 1317 1768 fldert,
1340 1682 1459 1752 Tetrici
1473 1681 1576 1772 rsstt.
1593 1680 1648 1752 lbi
1662 1708 1699 1778 p.
1712 1687 1760 1752 vl

182 1815 335 1886 Adortus
353 1840 482 1887 omnes
500 1815 640 1885 codices
659 1839 677 1884 a
701 1815 819 1885 Gailio
844 1813 993 1884 collatos
1008 1812 1215 1908 designavit,
1237 1838 1355 1909 neque
1369 1830 1488 1884 tamen
1507 1814 1650 1886 addidit
1663 1817 1760 1888 unde

82 2013 87 2026 ,
178 1945 332 2017 hauserit
349 1973 450 2018 suam
481 1948 666 2034 notitiam,
694 1973 780 2016 num
809 1947 901 2016 forte
927 1947 995 2042 ipsi
1016 1946 1160 2016 licuerit
1179 1947 1356 2042 inspicere
1384 1969 1462 2043 quae
1488 1947 1625 2019 Gailius
1650 1973 1760 2021 manu

177 2080 309 2176 scripta
327 2081 479 2173 (Gailius
498 2080 596 2149 enim
616 2078 713 2174 praef.
736 2105 773 2175 p.
791 2084 871 2148 Vlll
892 2078 1079 2148 admonuit
1100 2104 1136 2148 se
1157 2080 1280 2149 omnia
1292 2078 1499 2181 poene'jam
1521 2079 1680 2175 confecta
1697 2081 1761 2153 lta-

178 2211 272 2306 bcre)
293 2211 448 2307 reliquit.
477 2210 617 2282 Nullam
640 2213 751 2282 aetatis
774 2212 940 2280 notitiam
958 2209 1057 2281 dedit
1078 2210 1227 2281 hdertus
1252 2210 1297 2304 de
1314 2235 1373 2284 sex
1395 2207 1583 2282 codicibus
1598 2218 1639 2284 A.
1656 2217 1699 2294 B.
1718 2219 1761 2286 Ν.

181 2347 219 2412 R.
240 2347 276 2413 S.
305 2347 345 2412 Y.
374 2348 499 2437 ltaque
529 2344 742 2438 interrogavi
762 2344 996 2430 Diibnerum,
1027 2344 1090 2438 qui
1112 2367 1192 2413 meo
1215 2357 1340 2438 rogatu
1358 2341 1426 2449 hos
1444 2343 1587 2414 codices
1606 2345 1761 2442 inspexit

178 2465 340 2561 mihique
365 2466 571 2563 respondit,
601 2493 663 2538 eos
685 2492 810 2538 omnes
829 2493 905 2538 esse
926 2468 1165 2556 recentiores,
1195 2467 1368 2537 nimirum
1395 2473 1424 2538 Α
1449 2482 1485 2537 et
1506 2473 1533 2537 B
1556 2491 1628 2538 sec.
1649 2471 1759 2557 XV„

176 2613 349 2694 quattuor
365 2599 525 2694 reliquos
542 2623 609 2669 sec.
630 2577 719 2669 XVl.

205 2737 337 2818 ⁴Porro
356 2756 469 2826 quum
495 2730 698 2801 evolverem
717 2733 930 2828 scriptores,
954 2732 1017 2829 qui
1036 2732 1137 2803 locos
1155 2733 1339 2827 longiores
1362 2732 1619 2828 brevioresque
1636 2747 1760 2830 poeta·

178 2889 257 2933 rum
274 2845 529 2935 bucolicorum
557 2864 766 2953 laudarunt,
789 2889 880 2961 saepe
907 2863 1168 2935 recurrendum
1192 2863 1280 2934 mihi
1306 2864 1373 2934 fuit
1402 2865 1632 2960 potissimum
1659 2866 1760 2963 apud

175 2997 326 3068 Bionem
341 3013 376 3068 et
398 2997 585 3068 Moschum
606 2997 653 3067 ad
678 2998 813 3068 Stobaei
836 2997 1066 3092 Florilegium
1086 2995 1393 3067 Gaisfordianum.
1424 3000 1503 3082 Qua
1523 3021 1560 3068 re
1577 3012 1761 3095 permotus

174 3128 310 3200 litteras
325 3127 410 3198 dedi
426 3128 698 3216 vindobonam,
717 3153 803 3197 num
818 3144 1018 3198 accuratam
1035 3129 1262 3198 collationem
1279 3128 1407 3224 egregii
1423 3127 1559 3200 codicis
1577 3129 1761 3202 Vindobo-

177 3262 299 3330 nensis
320 3261 557 3331 nanciscerer.
574 3261 756 3331 Habemus
775 3261 820 3330 de
836 3254 973 3331 codicis
993 3276 1094 3332 aetate
1114 3276 1149 3331 et
1166 3263 1344 3360 scriptura
1357 3260 1508 3332 Kollarii
1528 3277 1564 3332 et
1580 3262 1760 3334 Lambecii

175 3394 370 3464 sententias
389 3392 426 3461 in
445 3393 629 3462 Lambecii
651 3394 706 3462 ed.
729 3393 820 3463 Koll.
840 3398 911 3464 Vll.
933 3394 1016 3466 306.
1037 3394 1200 3490 Scriptus
1218 3409 1270 3465 est
1288 3419 1359 3465 sec.
1373 3399 1407 3464 X
1421 3394 1547 3464 litteris
1565 3396 1757 3490 melicertis,

176 3551 283 3598 manu
307 3531 429 3632 grceed
450 3541 620 3595 currente.
645 3531 759 3621 Atque
778 3529 939 3620 Kopr'tur.
965 3527 1093 3598 eximia
1120 3551 1190 3621 qua
1217 3550 1357 3623 semper
1383 3524 1580 3597 excellebat
1605 3526 1760 3599 liberali·

175 3659 381 3752 tatetstatirn
408 3658 539 3729 auditis
566 3659 652 3728 meis
678 3657 848 3754 precibus
874 3683 1001 3729 omnes
1028 3660 1127 3730 locos
1151 3659 1353 3746 Theocriti,
1383 3660 1505 3730 Bionis
1530 3660 1759 3782 Moschique,

120 3788 125 3797 ’
173 3793 235 3888 qui
252 3789 349 3887 apud
374 3793 555 3862 Stobaeum
578 3792 760 3886 leguntur,
785 3817 825 3861 ex
848 3790 976 3862 codice
996 3792 1273 3862 Vindobonensi
1293 3791 1481 3888 diligenter
1502 3817 1585 3865 cum
1601 3793 1759 3865 editione

173 3925 368 3996 Gaisfordii
394 3925 548 3997 contulit
569 3942 602 3996 et
624 3951 701 3996 earn
725 3925 952 3997 collationem
971 3926 1016 3996 ad
1034 3950 1091 3997 me
1110 3926 1316 3996 transmisit.
1336 3930 1454 4014 Quam
1474 3927 1572 3998 utilis
1590 3951 1633 3998 ca
1652 3927 1759 3998 fuerit

172 4037 269 4130 haud
291 4083 372 4130 raro
394 4057 493 4155 apud
515 4059 663 4130 Bionem
684 4075 717 4128 et
744 4059 957 4147 Moschum,
985 4084 1028 4129 ex
1045 4029 1114 4129 hac
1135 4058 1314 4148 editione,
1336 4074 1377 4130 ut
1396 4059 1564 4148 arbitror,
1587 4061 1636 4130 ita
1659 4075 1755 4160 pate·

142 4207 146 4213 '
172 4190 247 4280 hit,
266 4208 307 4262 ut
324 4192 476 4262 lectores
496 4191 545 4261 illi
557 4193 645 4261 ·viro
664 4193 801 4286 egregie
816 4191 966 4262 cordato
982 4217 1147 4288 magnam
1168 4193 1240 4262 sint
1261 4194 1410 4289 gratiam
1427 4217 1568 4264 mecum
1586 4189 1757 4264 habituri.

220 4324 418 4395 Lubentius
447 4341 589 4395 transeo
614 4324 659 4395 ad
685 4325 790 4395 aliam
817 4349 914 4413 rem,
944 4324 991 4396 ad
1005 4324 1209 4420 jucundum
1240 4324 1405 4397 officium
1428 4325 1620 4421 gratiarum
1650 4351 1755 4422 agen÷
1831 4324 1836 4333 ’

172 4457 300 4527 darum
319 4457 414 4546 viro,
436 4457 499 4552 qui
520 4482 648 4552 magno
668 4456 846 4527 beneficio
865 4482 924 4527 me
940 4455 1009 4528 sibi
1028 4456 1199 4527 devinxit.
1225 4463 1269 4528 H.
1289 4462 1333 4528 lt.
1360 4456 1514 4528 Poesehl
1530 4457 1649 4548 enim,
1677 4483 1756 4530 eru-

172 4588 269 4659 ditus
283 4589 497 4661 Thusneldae
518 4590 815 4660 vindobonensis
841 4589 973 4679 editor,
1003 4614 1109 4660 suasu
1136 4591 1299 4690 Kopitari
1320 4590 1357 4660 in
1383 4613 1504 4659 meum
1528 4614 1634 4671 usum
1652 4616 1756 4664 accu-

173 4722 367 4811 ratissime,
410 4749 456 4795 ne
487 4725 649 4794 minirrris
680 4724 828 4820 quidem
865 4723 972 4793 rebus
1006 4724 1171 4812 omissis,
1211 4721 1366 4796 contulit
1404 4736 1578 4817 quattuor
1611 4723 1756 4796 codices

172 4853 496 4945 vindobonenses,
523 4882 681 4953 quorum
714 4855 924 4926 collationes
954 4855 1027 4950 jam
1056 4854 1258 4926 brunckius
1280 4851 1451 4924 habuisse
1474 4879 1512 4924 se
1533 4853 1687 4926 affirmat
1709 4854 1754 4935 ln

170 4987 318 5059 Theocr.
341 4991 366 5055 l.
395 4985 468 5056 103.
490 4992 530 5057 ΙΙ.
563 5014 591 5057 ι.
621 4988 772 5058 Codices
788 5002 872 5057 sunt
890 4987 952 5059 hi:

211 5253 332 5315 vindob.
347 5257 414 5333 289.
434 5213 572 5334 (vindob.
588 5257 625 5335 a.)
640 5257 787 5328 continet,
809 5270 911 5335 prater
931 5255 1002 5315 alios
1018 5256 1187 5335 scriptores,
1202 5251 1336 5316 undecim
1359 5257 1456 5334 priora
1477 5254 1576 5332 idyllia
1591 5253 1750 5322 Theocriti

1598 5383 1628 5424 a.
