3992 6078
297 359 352 414 ibt
699 348 905 408 ΣΕΡΒΙΛΙΟΥ
926 347 1215 408 ΔΑΜΟΚΡΑΤΟΥΣ
1235 348 1287 408 ΤΑ
1309 347 1500 408 seldene.

350 481 450 550 Πόνους
460 504 488 540 τε
500 480 597 562 νεύρων
607 478 653 538 καί
664 481 735 556 μυῶν
749 479 799 559 δίχ’
813 479 906 544 αἰτίας.

348 571 454 642 Ταύτην
467 573 579 629 ἐπαινῶν
592 567 769 647 Ἀνδρόμαχος
782 571 807 625 ἐν
821 567 979 648 φαρμάκοις,

307 681 334 724 te
348 659 441 740 Ἐχιυν
454 658 580 736 μεγίστην
591 655 642 724 ίξιν
655 656 739 714 ἐδίδου
750 665 803 723 τοῖς
813 656 905 737 ρίλοις.

346 741 425 810 Εἶναι
438 745 465 806 δύ
478 743 598 825 δραχμὰς
610 744 683 823 ἶλεγε
695 743 743 819 μὲν
755 743 910 825 λιθαργύρου

346 835 411 916 Τρίς
423 833 618 914 τεσσαράκοντα
629 832 674 892 καί
686 831 775 910 ἑτέρας
786 832 823 897 δὶς
837 832 952 889 δώδεκα·

351 927 440 1004 ίίηροῦ
450 921 478 981 δύ
487 924 581 982 λευκοῦ
594 924 724 982 Ποντικοῦ
734 922 840 986 ταύταις
852 918 919 985 ἴσας·

348 1013 533 1090 ’Λμμυινιακοῦ
546 1009 573 1069 δὲ
585 1015 630 1068 τοῦ
643 1013 758 1088 καθαροῦ
771 1007 824 1087 τρίς
838 1007 919 1066 είκοσι

308 1123 334 1158 ιιι
350 1100 402 1162 Καί
416 1096 508 1158 δώδεκ’
523 1097 618 1172 άλλας,
630 1097 701 1176 [καὶ]
712 1097 821 1156 λιόάνου
837 1097 873 1163 δίς
886 1095 1030 1176 τέσσαρας·

346 1186 457 1254 Λεπίδος
472 1186 498 1246 δὲ
514 1190 617 1265 χαλκοῦ
632 1186 678 1246 καί
691 1185 795 1252 λίπιδος
810 1184 997 1263 στομώματος,

343 1277 429 1338 Ιίόλιν
441 1275 464 1334 δ’
479 1275 591 1334 ίιιόστου
605 1274 735 1352 μίγματος
750 1274 787 1339 δίς
801 1271 944 1352 τέσσαρας·

344 1361 517 1444 Τερμινθίνης
528 1385 557 1420 τε
568 1367 614 1434 τῆς
626 1367 742 1442 καθαρᾶς
757 1360 810 1440 τρὶς
823 1361 938 1419 δώδεκα·

346 1451 408 1512 Δύιυ
422 1449 444 1509 δ’
456 1450 545 1510 ίλαίου
559 1447 657 1508 κικίνου
670 1449 782 1515 κοτύλας
796 1447 900 1528 μέτρῳ·

305 1561 331 1600 ee
346 1537 443 1620 Ἔρίιον
457 1537 510 1596 δέκ’
522 1535 590 1596 ὀκτὼ
602 1541 653 1595 τῶν
667 1539 789 1618 ῥυπαρῶν
802 1535 980 1611 κεκαυμένων.

349 1625 438 1688 Καίειν
454 1625 476 1684 δ’
487 1624 598 1706 ἔρασκεν
613 1623 680 1683 αῦτδι
691 1623 837 1692 τοῦτον,τὸν
850 1623 956 1704 τρόπον·

348 1717 394 1782 Eis
404 1711 508 1772 λοπάδα
522 1711 615 1783 καινὴν
626 1710 643 1782 ἢ
655 1711 756 1792 χύτραν
769 1709 953 1788 πλατόστομον

344 1799 482 1869 Ἐνθίντας
493 1799 562 1881 όριον
574 1797 717 1879 οίσυτηρδν
729 1797 849 1879 δαψιλὲς,

345 1891 386 1954 Τδ
396 1893 479 1968 πῶμα
491 1888 686 1970 προχρίσαντας
698 1885 800 1970 γύψῳῆ
816 1888 899 1960 κόνει,

303 2001 330 2042 νυ
345 1975 384 2040 *ii
396 1982 428 2058 γῇ
441 1980 573 2056 κεραμικῇ
586 1978 642 2052 μεθ’
654 1973 746 2042 ίίδατος
759 1973 966 2053 μεμσλαγμίνῃ,

343 2066 389 2130 ’Ei
400 2065 464 2148 πυρί
473 2063 565 2146 λάθριρ
574 2064 709 2136 καίοντας,
719 2063 781 2122 όταν
794 2056 810 2142 ᾖ
822 2063 919 2144 βοίδιον,

346 2155 484 2237 Κόψαντας
495 2158 587 2226 σῆσαι·
600 2150 659 2212 τότε
672 2153 744 2211 δοκεῖ
753 2153 840 2220 καλῶς
854 2150 934 2230 ἔχειν.

344 2243 435 2306 Korion
446 2241 468 2302 δ’
478 2242 574 2320 ὁμοίως
586 2241 653 2298 αύτδι
664 2242 713 2298 κᾶν
725 2247 778 2306 τοῖς
787 2239 930 2318 κριόάνοις,

345 2331 400 2394 Καὶ
415 2334 442 2391 όν
456 2332 509 2398 τοῖς
520 2328 603 2395 ίπνοις
616 2329 668 2394 τοῖς
680 2327 748 2406 ἄγαν
765 2327 974 2406 πεπυρωμένοις,

303 2443 329 2484 νο
344 2419 424 2482 otro
436 2441 465 2478 τε
479 2419 565 2490 λιιῦιν,
578 2415 724 2492 λαμόάνειν
735 2414 762 2472 όν
775 2416 815 2472 δεῖ
826 2415 957 2490 σταθμόν·

344 2507 441 2591 Ἷίψιιν
455 2505 481 2566 δύ
494 2505 594 2565 κελεύει
606 2504 744 2573 λειοτάτην
755 2503 919 2581 λιθάργυρον,

344 2595 397 2658 Ιίαί
410 2595 507 2656 κίκινον
518 2603 582 2670 πᾶν,
594 2592 696 2670 μίξαντ’
712 2593 738 2648 ἐν
754 2595 831 2670 καινῇ
846 2589 941 2669 χύτρος

343 2681 455 2752 Μίλιτος
464 2681 565 2760 πάχους
577 2679 604 2739 δί
616 2678 757 2757 γενομίνου
766 2683 811 2736 τοῦ
825 2679 979 2758 ραρμάκσυ,

345 2773 447 2834 Λεπίδα
461 2767 646 2850 παραπάσσειν
659 2767 703 2826 καὶ
715 2765 836 2846 συνέψειν
849 2765 888 2845 ἐρ’
900 2764 999 2837 ίκανὸν,

293 2881 330 2922 tter
342 2857 416 2928 Ἕως
427 2857 459 2917 δν
471 2856 580 2936 γίνηται
594 2855 750 2933 ιἰμόλυντον,
765 2855 871 2932 βάλλειν
885 2853 942 2910 τότε

344 2944 519 3028 Τερμινθίνην
532 2945 578 3004 καὶ
589 2943 684 3022 κηρόν·
697 2933 742 3024 εἶθ’
754 2941 897 3016 ἡνωμένοις

346 3035 528 3114 Ἀμμωνιακὸν
542 3033 676 3112 μαλαχθὲν
690 3031 740 3090 ὑπὸ
751 3035 803 3088 τῶν
816 3031 959 3088 δακτύλων.

346 3125 486 3188 Μίλλοντα
502 3123 524 3182 δ’
535 3121 617 3202 αίρειν
630 3119 676 3192 τὴν
689 3121 791 3200 χύτραν
804 3119 856 3178 ἀπὸ
869 3124 913 3176 τοῦ
926 3117 985 3198 πυρ
994 3146 1018 3188 ς,

346 3217 421 3276 Anu
432 3211 645 3294 πρασιμπάττειν
659 3209 777 3280 λιόανὸν,
791 3208 896 3287 βάλλειν
908 3207 965 3264 τότε

293 3323 331 3364 tui
347 3302 400 3364 Καί
415 3305 466 3362 τῶν
479 3303 628 3379 οίσυπηρῶν
643 3297 690 3370 τὴν
705 3299 775 3356 κόνιν
791 3296 964 3376 παρεσχάτην

347 3390 403 3472 Ιίρό
415 3394 459 3451 τοῦ
471 3391 617 3449 λιόανιοτοῦ
631 3387 658 3446 δὲ
672 3389 776 3467 σμικρῷ
788 3384 829 3464 [ἢ]
844 3384 961 3465 ὕστερον.

348 3477 424 3546 Τινίς
439 3475 466 3538 δύ
478 3483 553 3537 τοῦτο
567 3477 719 3556 βουλόμενοι
733 3475 762 3532 τὸ
774 3475 913 3554 φάρμακον

345 3565 426 3630 νίδιον
437 3565 572 3645 λίγισθαι,
586 3563 763 3644 βαστάσαντες
775 3563 822 3634 τὴν
837 3563 899 3638 μίαν

346 3655 456 3722 Λιπίδος
468 3663 528 3732 μιᾶς
544 3653 671 3734 βάλλουσι
684 3651 730 3718 τός
743 3651 893 3708 ἑκκαίδεκα·

293 3767 329 3808 tiu
344 3749 465 3824 Χρῦινται
477 3741 503 3804 ti
518 3727 736 3823 χαλκοῦλέτιιδι,
747 3741 775 3798 οὐ
788 3737 972 3816 στομώματος.

607 3932 767 3958 ..ao——

636 4073 734 4122 eabe.

347 4229 430 4290 (λύδίν
446 4253 470 4290 τι
483 4236 570 4308 χεῖρον
582 4231 627 4300 τῆς
639 4223 767 4306 προτέρας
783 4224 928 4302 Αἰγυπτίοις

348 4321 462 4380 ΙΙυιυῦσα
476 4315 574 4388 ταύτδι,
587 4315 649 4373 ποτὲ
666 4311 692 4370 δὲ
708 4311 752 4372 καὶ
767 4313 891 4390 κρεῖττον.
908 4308 988 4388 Ιίαχῦ

345 4403 390 4466 Ἂν
403 4405 520 4486 σκευάσῃ
534 4425 570 4470 τις
583 4401 714 4480 ίπιμελῦις
727 4399 757 4458 τὸ
770 4401 920 4482 φάρμακον,

349 4492 490 4574 Χρήσηται
503 4493 575 4573 αὐτῷ
589 4487 626 4570 μὴ
640 4487 778 4569 παρέργως
792 4489 875 4546 ταύτὰ
888 4488 962 4568 πρός.

296 4600 332 4640 tre
346 4579 423 4660 ’ίύχιι
436 4579 459 4638 δ’
473 4577 560 4638 ίλαίου
574 4577 650 4637 τόντε
660 4577 750 4658 λίτρας
763 4575 879 4634 κικίνου·

350 4665 511 4748 Λιθαργύρου
523 4665 548 4726 δί
560 4663 689 4746 τέσσαρας
701 4665 861 4746 χρυσίτιδος·

351 4755 461 4820 Λεπίδος
475 4755 500 4812 δὲ
513 4755 615 4834 χαλκοῦ
630 4753 816 4833 τεσσαράκοντ’
827 4752 896 4809 ὀκτὼ
911 4746 1039 4828 δραχμάς’

348 4841 518 4922 Τερμινθίνης
529 4865 557 4902 τε
567 4846 613 4914 τῆς
624 4845 706 4912 καλῆς
720 4841 774 4922 τρίς
787 4839 901 4898 δώδεκα·

350 4933 456 5002 δίοίννης
470 4929 577 4990 tritono
593 4954 620 4990 τε
635 4929 716 4990 ταύτὸ
732 4935 764 5010 τῇ
778 4927 940 5010 τερμινθίνῃ’

298 5045 335 5084 tiu
349 5021 533 5098 ’λμμιυνιακοῦ
547 5019 573 5076 δὲ
587 5024 632 5078 τοῦ
645 5009 758 5098 καθαροῦ
771 5017 860 5094 λίτρας
874 5014 933 5072 δύο·

351 5113 439 5189 ίίηροῦ
451 5107 478 5166 di
490 5109 583 5166 λευκοῦ
601 5110 729 5167 ίίοντικοῦ
742 5107 779 5164 δύ’
792 5105 886 5182 ἥμισυ.

348 5197 429 5276 “Ebot
445 5196 467 5254 δ’
481 5193 582 5268 ίλαιον,
594 5193 703 5266 λεπίδα,
718 5197 766 5266 τὴν
780 5193 944 5272 λιθάργυρον,

1122 491 1215 540 Nervus
1224 489 1334 539 dolentes
1343 491 1403 538 citra
1413 502 1512 538 causam
1524 490 1549 538 et
1557 488 1695 538 musonios.

1125 579 1237 629 baudone
1245 579 1292 628 buc
1300 578 1484 629 andromachus
1492 578 1565 628 debet
1573 578 1698 628 sodalibus

1129 669 1182 716 Suis
1193 667 1218 716 iu
1230 667 1366 730 pharmacis
1377 669 1467 730 peritus
1480 667 1594 716 maxime.

1127 755 1212 806 Aiebat
1220 769 1271 806 esse
1282 754 1441 818 quadraginta
1448 757 1487 805 ter
1498 755 1597 816 quidem

1126 845 1241 894 bonarios
1252 844 1375 907 lithargyri
1384 845 1409 894 et
1418 843 1546 894 duodecim

1125 933 1165 984 Bis
1175 931 1276 993 etiarm,
1291 945 1353 983 cerm
1362 945 1461 996 quoque
1470 931 1532 982 alhae
1543 935 1648 982 Ponticae

1126 1113 1157 1161 Et
1167 1111 1294 1160 duodecim
1308 1111 1381 1173 aiios,
1391 1111 1503 1161 thoriset
1512 1110 1549 1159 bis
1558 1113 1689 1172 quaterem

1126 1201 1223 1265 squam
1234 1214 1291 1250 vero
1300 1201 1363 1249 seris
1371 1201 1396 1249 et
1407 1212 1516 1262 equanam
1524 1197 1692 1256 stomomatis,

1127 1290 1250 1353 cuiusque
1262 1302 1345 1338 mrsus
1356 1290 1388 1337 mi
1393 1289 1471 1337 sturae
1480 1287 1518 1336 bis
1528 1288 1659 1349 quattuor;

1127 1383 1196 1429 Parae
1206 1377 1377 1428 terebinthinae
1386 1379 1425 1427 ter
1435 1375 1510 1426 addas
1519 1375 1646 1426 duodecim
1652 1393 1660 1439 ς

1127 1459 1230 1522 oteique
1238 1459 1307 1508 ricini
1317 1459 1379 1507 duas
1389 1458 1445 1507 inde
1457 1458 1580 1518 heminam

1127 1549 1267 1598 octodecim
1279 1549 1341 1598 ustae
1351 1546 1455 1597 sordidae
1464 1548 1527 1597 lanae
1536 1546 1652 1597 heminas.

1127 1636 1233 1686 Docebat
1243 1636 1318 1698 ipsam
1327 1636 1373 1684 isto
1386 1634 1457 1684 modo
1471 1635 1633 1684 comburere:

1127 1728 1201 1774 Novae
1213 1725 1302 1786 patinae
1313 1723 1350 1772 vei
1363 1724 1419 1772 oiim
1430 1723 1527 1785 quaesit
1537 1723 1608 1772 iatior

1126 1817 1174 1862 Ore
1185 1812 1241 1861 inde
1253 1813 1332 1862 tanam
1343 1812 1438 1874 copiose
1448 1811 1586 1872 succidam3
1670 1847 1674 1854 .

1126 1901 1273 1963 operculum
1283 1913 1356 1962 gypso
1370 1899 1435 1962 prius
1443 1900 1481 1949 vet
1490 1899 1598 1962 glutino,

1126 1990 1169 2039 vet
1181 1992 1245 2038 terre
1259 1988 1367 2051 bgutari,
1377 1989 1416 2037 cui
1425 1989 1457 2038 sit
1465 1987 1542 2038 mixta
1551 2001 1627 2051 equa,

1127 2077 1231 2136 litinito,
1241 2077 1283 2127 sed
1295 2079 1361 2139 iargo
1373 2077 1427 2140 iguo
1438 2089 1495 2125 mox
1506 2076 1659 2138 comburito,

1126 2169 1257 2216 contusam
1270 2166 1367 2214 incerere
1378 2165 1473 2227 cribm,
1484 2165 1527 2214 ubi
1540 2165 1611 2214 tacite
1621 2165 1668 2215 boc
1678 2165 1737 2226 erit,

1126 2257 1158 2304 et
1170 2256 1229 2303 tunc
1238 2255 1372 2316 praesertim
1383 2254 1449 2303 recte
1459 2253 1548 2303 babere
1554 2253 1646 2314 iudice.

1127 2348 1154 2392 in
1166 2343 1267 2392 clibanis
1276 2355 1373 2405 quoque
1383 2343 1434 2405 ipsa
1444 2343 1468 2392 et
1477 2342 1502 2391 in
1517 2342 1657 2392 ioruacibus

1126 2433 1209 2494 ignitis
1224 2433 1326 2482 nimium
1340 2432 1450 2482 similiter
1457 2431 1605 2482 comburito.

1128 2522 1163 2568 tta
1172 2518 1282 2580 capiebat
1291 2519 1439 2581 iunaetritre,
1451 2531 1525 2580 quern
1539 2524 1574 2569 esi
1587 2533 1638 2584 per,
1651 2521 1755 2570 modum.

1127 2611 1236 2669 coquere
1247 2607 1406 2668 iiiirargyrum
1416 2606 1487 2668 jubet
1498 2608 1668 2668 levissimam,

1126 2697 1264 2757 Totumque
1276 2695 1392 2754 cicinum,
1404 2694 1486 2745 mixtis
1494 2697 1568 2759 etque
1578 2697 1653 2746 oiiuta

1127 2787 1210 2845 Nova,
1222 2784 1347 2846 mellisque
1359 2785 1421 2834 iacta
1430 2784 1598 2846 spissitudine,

1126 2875 1257 2936 squamam
1268 2885 1406 2935 aspergere,
1417 2884 1569 2934 concoquere
1581 2873 1606 2922 et
1617 2875 1732 2937 quantum
1745 2867 1830 2922 euticii

1127 2957 1210 3016 Usque
1219 2953 1293 3014 adeo,
1302 2952 1361 3002 dum
1375 2966 1425 3002 uon
1438 2953 1562 3015 inquinet,
1575 2956 1634 3002 tunc
1643 2954 1727 3003 addere

1127 3040 1324 3092 Terebiutbimm
1334 3043 1359 3091 ot
1370 3055 1465 3102 ceram;
1477 3041 1533 3090 dein
1543 3055 1620 3104 quum
1631 3042 1757 3100 coiverint,

1128 3133 1311 3182 emmonieoum
1322 3131 1461 3180 correnum
1471 3131 1551 3192 digitis
1561 3131 1666 3180 motiius.

1128 3225 1242 3270 Posiurus
1253 3220 1285 3268 ab
1296 3220 1350 3282 igne
1359 3219 1447 3279 oliam,
1460 3218 1518 3268 tirus
1530 3219 1616 3268 tritum
1627 3218 1763 3282 inspergiio,

1129 3309 1291 3359 Penuitimum
1303 3321 1332 3357 ec
1341 3308 1403 3357 ianae
1414 3308 1547 3356 immunde
1557 3308 1732 3370 puluisculum,

1128 3402 1206 3460 tique
1216 3400 1273 3447 auto
1283 3397 1354 3457 tirus,
1363 3396 1499 3459 pauxillulo
1512 3399 1555 3444 aut
1563 3397 1618 3458 post
1627 3398 1739 3460 tempore.

1128 3486 1233 3544 Quidam
1241 3486 1349 3534 veientes
1358 3484 1422 3534 istud
1432 3484 1529 3547 proprio
1539 3484 1697 3547 pharmacum

1128 3575 1181 3624 Dici
1194 3573 1282 3634 tituio,
1292 3573 1369 3635 quum
1379 3572 1503 3634 depositus
1513 3574 1549 3621 est
1558 3573 1690 3632 caccabus,

1128 3667 1240 3726 Squamm
1252 3661 1325 3710 unius
1335 3660 1372 3710 bis
1380 3664 1437 3710 octo
1447 3660 1535 3710 indunt
1544 3661 1669 3722 deneri⁰s;

1128 3757 1233 3814 musmo
1242 3751 1322 3800 autom
1335 3751 1437 3799 utuntur
1447 3749 1515 3811 aeris,
1526 3762 1575 3798 uon
1586 3749 1742 3802 stomomatii.

1442 3912 1606 3936 -οοο-

1466 4069 1576 4112 ᾸΙκΙΙῘῙ).

1127 4218 1190 4269 Nihil
1203 4217 1281 4281 priore
1292 4217 1359 4278 peius
1367 4217 1416 4279 agit
1430 4216 1542 4280 Qyptio

1128 4311 1159 4357 at
1171 4307 1257 4356 meiius
1269 4309 1293 4356 et
1301 4306 1460 4370 quaudoque;
1471 4305 1491 4354 si
1504 4305 1635 4355 contemsit

1122 4387 1240 4446 'erassum
1250 4397 1362 4445 accurate
1374 4394 1580 4443 medicamentum
1591 4393 1727 4458 quispiam,

1128 4487 1216 4534 Utetur
1225 4484 1255 4533 ad
1265 4483 1348 4533 eadem
1359 4481 1410 4546 ipso
1419 4497 1467 4531 uon
1478 4482 1632 4545 improspere.

1128 4660 1318 4724 Chrysitidisque
1330 4658 1421 4722 argenti
1430 4673 1523 4722 spumae
1535 4662 1666 4721 quattuor3

1127 4754 1241 4812 squamae
1253 4749 1308 4798 aeris
1322 4753 1405 4810 terque
1416 4747 1538 4797 sexdecim
1552 4747 1677 4807 deneri0s;

1128 4836 1305 4888 Terebintbiuae
1318 4835 1454 4899 preesteuiis
1464 4838 1500 4884 ter
1509 4834 1651 4896 duodecim;

1129 4928 1271 4986 Manumque
1282 4924 1361 4974 thuris
1371 4923 1527 4986 tantundem
1544 4924 1623 4986 pondo
1634 4923 1684 4973 duo

1128 5011 1277 5063 Ammoniaci
1286 5011 1372 5061 sinceri
1378 5029 1386 5073 i
1396 5026 1459 5062 ceree
1471 5012 1578 5062 Pontice

1127 5101 1195 5152 Albae
1204 5100 1266 5149 dues
1275 5099 1347 5148 libres
1356 5099 1478 5150 semissem
1487 5102 1513 5150 et
1527 5100 1632 5163 insuper.

1127 5188 1232 5253 coquito
1242 5188 1337 5248 oleum,
1348 5201 1488 5252 squamam,
1500 5201 1545 5238 nec
1554 5202 1603 5238 non
1614 5189 1786 5254 iitiurgyrum,
