4002 6106
526 433 674 498 lllxllll
695 433 797 501 Pulc.
821 433 999 501 unselein
1019 435 1297 502 ASTROLOGlCA.

151 567 200 628 καί
214 590 245 627 τε
255 570 339 646 τομὴν
351 566 479 647 ίπάγῃσιν
492 567 558 648 ἀνὴρ
573 571 674 628 Παεῶνι
688 571 827 647 μεμηλώς,

157 655 237 736 δηρθν
251 655 405 737 μοχθήσειε,
419 654 491 722 τίλος
502 656 525 714 δ’
536 656 687 724 ἀναδέξεται
699 659 779 735 αἰνόν,

158 743 207 802 καί
217 767 246 802 τε
260 744 393 824 δυσαχθία
404 748 495 803 νοῦσον
510 743 550 802 ἐπ’
563 745 632 825 ἀνέρι
644 747 706 825 τῷδ’
717 746 848 805 ὀπάσειαν.

199 833 223 890 εί
236 832 264 890 δί
278 834 302 890 τ’
317 831 379 890 ἄνευ
390 829 519 908 καμάτοιο
533 833 578 891 καί
591 833 742 906 αῖνοτλήτου
758 833 831 905 ἀνίης

94 935 145 978 σεο
161 917 270 998 βούλεαι
284 919 438 978 ἐντύνασθαι
450 921 602 998 ἀοσσητῆρα
614 920 729 1001 σίδηρον,

157 1005 257 1079 Μήνην
270 1007 393 1085 αύγάζοιο
406 1005 453 1066 cdv
467 1007 577 1088 αἰγεόχερ
593 1011 750 1089 Κρονίωνι
829 1009 834 1016 ’

155 1094 190 1166 ἠί
203 1093 364 1174 Δεωναίῃ,
377 1095 421 1154 καὶ
437 1097 460 1154 δ’
473 1099 495 1154 εί
510 1096 573 1176 φάος
585 1096 716 1164 ἐλλιπὲς
729 1097 769 1170 είη

156 1184 239 1261 λῆγον
251 1183 304 1242 άπὸ
316 1183 459 1264 δεχομήνου
470 1184 512 1242 ἐπ’
524 1185 607 1244 εἰκάδι
619 1187 664 1244 καί
677 1189 701 1244 δ’
712 1186 750 1246 ἔτι
761 1187 868 1266 πρόσσω

157 1269 228 1342 πλῆν
243 1271 365 1331 συνόδου·
377 1271 455 1330 λώιον
466 1270 516 1352 γδιρ
529 1273 682 1352 ἄκεστορίην
694 1273 816 1346 άνύσαιο,

97 1378 143 1419 εει
157 1356 191 1430 ἠν
205 1358 271 1438 άλίῃ
283 1358 412 1442 συνόδοισι
424 1359 560 1437 μεμυκότα
573 1361 640 1441 φάεα
653 1361 757 1433 Μήνης.

197 1447 234 1516 ὣς
245 1448 269 1508 δ’
281 1447 366 1515 αθτως
377 1448 505 1515 συνιόντες
517 1451 563 1507 ἀπ’
576 1450 712 1510 Ὠκεανοῖο
724 1449 808 1530 ῥοάων

157 1535 333 1617 Φωσφόρος
347 1533 364 1607 ἠ
375 1537 512 1596 Φαέθων
524 1537 637 1596 τελίουσ’
648 1538 742 1618 εὐήρεα
753 1543 858 1614 τμῆσιν.

198 1622 283 1691 αύτως
293 1624 326 1700 δ’,
336 1625 358 1682 εί
372 1623 457 1704 φλίόα
467 1631 552 1702 κεῖραι
565 1624 608 1705 ὑφ’
619 1624 713 1701 αίματι
725 1628 888 1697 πεπληθυῖαν

156 1711 277 1792 ἱμείρεις,
289 1710 415 1791 ταύτῃσιν
428 1713 603 1795 ίφημσσύναις
613 1712 741 1774 πεπίθοιο.

400 1861 459 1924 περι
471 1861 597 1925 apamen

101 1994 144 2034 εαο
198 1975 234 2035 Εί
244 1974 268 2034 δ’
279 1973 331 2052 όρα
344 1973 392 2032 καί
406 1972 517 2051 δμώων
528 1973 642 2054 ὀλοφώια
657 1973 721 2052 ἔργα
732 1975 835 2046 πύθοιο,

161 2059 187 2120 σί
199 2063 233 2145 ῥά
246 2063 270 2122 θ’
284 2061 339 2129 ίοθς
350 2061 482 2129 λείποντες
494 2061 532 2122 el
544 2061 694 2142 μεγάροισιν
707 2061 822 2130 ἄνακτας

157 2157 237 2229 γαῖαν
250 2151 276 2218 ίς
289 2150 389 2222 όθνείην
401 2150 464 2210 ποσί
475 2148 651 2231 καρπαλίμοις
663 2149 822 2223 ἀλάληνται,

159 2237 269 2317 δρησταί
282 2235 441 2317 άταρτηροί,
456 2236 544 2318 φιλίην
557 2236 688 2303 λείποντες
702 2237 804 2310 ἐδητύν,

159 2322 219 2385 ούτε
230 2325 361 2404 τραπέζης
377 2328 487 2402 μνῆστιν
501 2323 634 2406 ίφεστίου,
648 2327 677 2382 οὗ
694 2324 837 2402 Κρονίωνος

102 2433 145 2474 σεε
158 2411 281 2492 Ἑρκείου
293 2411 375 2480 σίόας
387 2411 464 2491 είγνθν
477 2411 516 2471 ίνί
526 2411 686 2492 πραπίδεσσι
698 2411 828 2486 σε’όοντες,

158 2493 228 2558 άλλθ
238 2497 270 2558 σθ
282 2498 328 2558 καί
338 2497 415 2558 τοίων
428 2497 549 2578 μερόπων
562 2498 701 2579 ίπιφράζεο
714 2506 817 2576 μοῖραν.

197 2582 231 2660 ῆν
243 2584 291 2664 μίν
303 2584 334 2664 ίῃ
345 2586 444 2644 πανδῖα
457 2588 514 2662 μετ’
526 2583 637 2644 εύπόκου
650 2585 814 2663 Ἀρνεεοῖο,

159 2662 217 2736 όίκά
230 2698 276 2753 μιν
289 2673 452 2754 ιίσανόγοιο·
466 2673 528 2754 τάχ’
541 2672 572 2733 θν
585 2672 611 2732 δὲ
626 2672 670 2732 καὶ
683 2673 758 2739 αὐτὸς
768 2671 850 2733 ίκοιτο

158 2763 316 2824 δεσπόσυνον
327 2763 389 2824 ποτὶ
400 2762 467 2840 δῶμ’
478 2762 641 2834 ύποδείελος,
654 2759 718 2833 ἠύτε
734 2785 770 2828 τις
782 2760 851 2842 φώρ,

102 2871 146 2912 σεο
158 2851 322 2929 παλλόμενος
333 2850 442 2932 κραδίην
454 2849 504 2909 berb
515 2849 632 2926 δείματι,
644 2849 689 2908 καὶ
701 2848 729 2908 δέ
740 2873 784 2908 κεν
795 2839 869 2916 ὦπας

157 2937 314 3020 ταρόαλίοες
327 2938 462 3019 δακρύοισι
472 2937 635 3018 πεφυρμένος
646 2937 801 2996 ἰνδάλλοιτο.

199 3025 233 3099 ἠν
244 3027 274 3087 δί
284 3050 314 3104 γε
327 3030 454 3108 Ταῦρον
467 3025 543 3106 ίχῃσι
557 3026 732 3107 παλίμφοιτος
746 3025 888 3108 κερόεσσα,

158 3115 247 3198 άνίρος
258 3117 363 3197 ἀφνειοῦ
373 3116 410 3175 tvl
422 3112 540 3192 δώμασιν
552 3115 711 3187 ἠλασκάζων

160 3202 232 3281 δμδνς
243 3204 315 3272 ὀλοὸς
325 3203 481 3284 κρύπτοιτο·
494 3202 568 3280 μόλις
580 3200 608 3262 dd
619 3203 665 3262 καί
676 3205 712 3269 εἰς
724 3204 765 3262 ἑὸν
779 3192 848 3262 οἷκον

106 3314 145 3354 ate
159 3293 261 3373 σπουδῇ
273 3291 405 3371 ἀναγκαίῃ
418 3314 463 3369 μιν
475 3290 540 3360 όναξ
552 3290 705 3360 ύποδίξεται
718 3283 805 3366 α’ύτις,

159 3380 273 3453 ότλήσας
282 3379 356 3458 μάλα
367 3379 455 3440 πολλὰ
468 3379 513 3439 καί
528 3381 554 3438 dv
566 3379 727 3461 πραπίδεσσι
742 3379 868 3457 μογήσας.

196 3468 230 3542 ἠν
242 3469 264 3529 θ’
276 3471 303 3528 tv
316 3467 512 3546 Ἀμυκλαίοισεν
523 3468 581 3548 ίδῃς
592 3467 718 3549 κεράωπα
730 3467 848 3540 Σελήνην

157 3555 293 3636 ἠιθίοις,
307 3556 409 3636 ταχίους
423 3578 468 3633 μιν
479 3555 615 3633 ίθνῃδόμον
627 3555 789 3633 είσανάγοιο·

159 3644 193 3718 ἠν
206 3645 229 3705 δ’
242 3644 283 3726 ἄρ’
297 3641 425 3716 θλεύηται
437 3641 509 3704 πάντ’
520 3643 613 3721 ήματα
624 3643 770 3724 κρυπταδίῃ
782 3666 810 3701 τε

107 3755 147 3796 σευ
158 3733 288 3814 λανθάνῃ,
300 3724 319 3806 ἠ
330 3736 354 3790 τ’
368 3732 400 3791 άν
413 3755 457 3809 μιν
471 3731 590 3813 τρίτατον
606 3729 674 3809 μετδι
685 3736 756 3808 μῆνα
771 3730 866 3810 δέχοιο.

199 3825 222 3881 εί
237 3821 264 3881 δί
276 3845 308 3900 γε
321 3819 483 3901 Καρκίνον
494 3809 565 3880 οίκον
576 3819 617 3879 ἑὸν
632 3818 753 3900 βασίλεια
766 3819 868 3890 Σελήνη

158 3908 264 3990 θχνεύῃ,
276 3909 380 3986 τίτμοις
391 3931 436 3967 κεν
446 3909 473 3966 ῖν
485 3910 548 3989 ἱερῷ
560 3905 637 3966 ἄλσεϊ
649 3909 743 3984 δμῶα,

158 3999 189 4070 ῆῖ
202 3995 248 4058 καί
259 3999 286 4057 ίν
298 3995 400 4075 τεμόντι
413 3996 524 4077 κρυφίην
535 3994 688 4072 ποιεύμενον
702 3986 788 4072 αθλιν,

158 4085 263 4167 διυτίρῃ
276 4085 313 4144 εῖν
329 4085 388 4158 ἠοῖ·
399 4083 484 4144 θεόθεν
498 4085 521 4142 δ’
532 4083 620 4154 ίκίτην
633 4083 739 4162 ἀνάγοιο

107 4197 146 4236 σεε
159 4177 265 4254 θρθῆσιν
277 4172 389 4254 χαίτῃσι
402 4171 549 4252 πεφρικότα
564 4169 757 4250 βαμόαίνοντα.

198 4260 232 4334 ῆν
245 4261 273 4320 δί
286 4259 437 4339 Νεμειήταο
447 4259 516 4337 πίλῃ
528 4258 597 4318 κατὰ
610 4257 693 4340 μίτρα
703 4257 849 4330 Λέοντος,

160 4353 182 4409 εί
197 4348 245 4428 μίν
260 4349 305 4409 ίπῖ
319 4348 410 4430 πρώτῃ
422 4352 467 4420 ἠοῖ
477 4348 573 4428 δρόμον
585 4346 723 4418 ίντύνειεν,

158 4437 284 4516 λήσεται,
295 4436 356 4497 otti
369 4460 413 4514 μιν
426 4427 498 4504 αύτις
509 4437 550 4516 ίφ’
561 4437 634 4516 ἑστίῃ
649 4425 689 4494 οἷο
700 4434 811 4502 ἄνακτος

163 4525 289 4606 άθρήσαις
302 4524 448 4604 θεράποντα
462 4523 636 4604 φυγόπτολιν·
649 4525 671 4582 εἰ
686 4521 714 4582 δέ
728 4522 752 4603 γ’
768 4525 793 4581 όν
806 4526 850 4593 ήοῖ

108 4635 149 4676 σεο
161 4612 284 4693 δευτατίῃ
297 4611 397 4693 αίροιτο
410 4613 504 4692 φυγήν,
515 4613 545 4670 ού
559 4610 647 4670 πάντα
661 4611 777 4670 τιλίσσει

160 4700 356 4783 δρησμοσύνης·
371 4700 453 4781 εύροις
467 4701 489 4758 δ’
501 4698 532 4758 dv
542 4699 580 4758 tvl
594 4699 730 4779 μεγάροισί
745 4723 789 4777 μιν
801 4700 892 4780 ἀνδρὸς

161 4792 280 4872 ἀφνειοῦ,
294 4788 412 4868 γαίοντος
424 4787 579 4868 άγηνορίῃσι
590 4787 671 4846 νόοιο·

160 4877 228 4949 bibe
241 4879 266 4937 δ’
279 4879 307 4938 e
320 4876 395 4960 χώρῃ
410 4901 455 4955 μιν
467 4875 486 4948 ἠ
497 4878 535 4935 εῖν
550 4875 664 4954 terentii
676 4875 764 4957 κήπῳ.

200 4964 265 5027 εἰδὲ
281 4966 427 5037 Σεληναίης
439 4963 477 5024 ei
492 4963 647 5044 Παρθένῳ
659 4961 810 5042 ῖχνευούσης

109 5075 148 5118 σεε
159 5055 245 5116 λείποι
257 5045 326 5113 οἶκον
342 5053 464 5124 ἄνακτος,
477 5050 546 5119 ίλοες
557 5051 587 5110 κε’
598 5076 642 5128 μιν
654 5054 680 5110 ῖν
693 5053 829 5111 πολεέσσιν

160 5145 262 5222 ήμασι·
277 5140 379 5214 δηθύνει
390 5142 441 5222 γὰρ
453 5141 616 5224 άπόκρυφος,
629 5138 654 5200 εί
666 5143 690 5198 κ’
704 5141 741 5198 ἐνί
755 5141 821 5222 τῷδε

162 5231 276 5313 θεεκήλῳ
293 5232 384 5304 Μήνης
397 5229 533 5312 εὖφεγγίος
548 5228 750 5311 αἰθροπολούσης

934 579 1007 641 etque
1020 580 1149 630 sectionem
1164 579 1254 640 injiciat
1263 579 1301 627 vir
1313 577 1393 628 Paeoni
1404 579 1529 641 operatus,

934 667 975 716 din
985 667 1143 730 laboraverit,
1155 668 1226 717 tinem
1237 667 1410 728 verosuscipiet
1422 667 1528 728 melum,

933 757 1006 818 atque
1019 756 1189 819 male-gravem
1204 756 1317 806 morbum
1329 755 1381 803 viro
1392 755 1448 804 linic
1460 753 1588 804 induxerit.

964 842 1004 894 Sin
1016 843 1067 893 aine
1077 844 1158 894 latnie
1169 846 1194 894 et
1205 844 1270 908 gravi
1280 857 1383 894 moarore

933 928 970 981 vis
980 914 1082 995 dirigere
1094 933 1212 995 sospitans
1219 932 1324 994 iorum,

934 1023 1025 1070 tunam
1034 1021 1151 1084 adspicias
1159 1035 1216 1072 eum
1223 1022 1435 1084 agidam-tenente
1443 1023 1505 1071 Jove

933 1111 976 1158 eut
990 1111 1174 1174 tenerentque
1184 1109 1287 1161 edumei
1297 1110 1380 1160 lumen
1392 1108 1509 1171 deiocus
1520 1107 1561 1169 sit,

933 1209 1051 1248 σεεεσαεε
1061 1198 1192 1260 plenilunio
1200 1198 1233 1248 ad
1243 1198 1382 1248 vicesimam
1395 1200 1420 1247 et
1432 1197 1532 1246 ulterius
1540 1196 1614 1247 etiarn

934 1287 1020 1346 preter
1032 1298 1185 1348 congressum
1192 1302 1200 1346 ;
1215 1286 1301 1335 mellus
1312 1285 1375 1334 enim
1387 1284 1513 1334 sanitatem
1527 1282 1669 1346 perfeceris,

932 1372 951 1421 si
963 1372 1075 1422 vitaveris
1083 1373 1247 1436 congressione
1254 1372 1411 1423 coalescentia
1421 1372 1513 1421 lumina
1521 1374 1605 1421 buum.

963 1463 999 1510 lta
1011 1461 1084 1510 etlam
1091 1460 1271 1524 congredientes
1279 1459 1310 1510 ab
1320 1460 1408 1510 oceani
1420 1459 1531 1510 iluctibns

938 1551 1020 1598 Venus
1031 1551 1056 1598 et
1065 1553 1171 1612 Jupiter
1185 1548 1428 1598 efficiuntsalutarem
1438 1548 1576 1597 sectionem.

948 1632 951 1636 ’
964 1631 1013 1688 lta,
1021 1628 1040 1678 si
1053 1641 1140 1678 vonam
1150 1628 1256 1678 incidere
1263 1627 1377 1689 sauguine
1385 1627 1499 1690 repletam

933 1716 1065 1777 desideras,
1077 1717 1113 1766 bis
1122 1717 1241 1767 mandatis
1251 1715 1393 1766 obediveris.

1186 1872 1213 1914 v.
1228 1873 1261 1915 na
1276 1867 1377 1926 lnpidvls
1387 1870 1464 1915 servis

964 1977 986 2026 Si
997 1990 1054 2026 vero
1063 1978 1136 2026 etiam
1145 1990 1277 2027 servorum
1287 1977 1358 2027 noxie
1367 1990 1440 2040 opera
1448 1976 1582 2039 scisciteris,

933 2057 974 2118 qui
983 2069 1039 2105 suos
1050 2057 1212 2118 relinquentes
1222 2059 1245 2105 in
1256 2057 1350 2108 edibus
1358 2057 1468 2106 dominos

933 2146 1021 2194 terram
1034 2143 1058 2192 in
1070 2147 1194 2194 externam
1208 2144 1309 2206 pedibus
1320 2144 1437 2194 celeribus
1451 2148 1576 2208 vagantur,

933 2231 1015 2281 lentuli
1027 2232 1108 2294 pravi,
1118 2232 1221 2281 amicum
1234 2233 1370 2294 linquentes
1383 2233 1483 2294 victum,

932 2333 1012 2382 neque
1023 2334 1111 2371 meuses
1121 2320 1263 2370 memoriam
1273 2321 1423 2382 domestice,
1437 2335 1514 2383 neque
1525 2323 1593 2371 lovis

934 2409 1018 2458 llercei
1037 2409 1195 2458 reverentiam
1205 2411 1313 2458 sanctam
1326 2410 1350 2458 in
1361 2409 1500 2472 precordiis
1509 2411 1625 2470 colentes,

933 2496 959 2544 at
968 2498 996 2544 tu
1006 2495 1080 2544 etiam
1090 2496 1177 2544 burum
1186 2496 1326 2545 mortalium
1333 2497 1497 2546 animadverte
1510 2501 1609 2549 sortem.

965 2583 989 2633 Si
1003 2583 1100 2646 quidem
1111 2584 1143 2634 ait
1151 2583 1232 2634 divina
1241 2598 1298 2634 cum
1307 2587 1612 2652 gerente-pulcrumqvellus
1621 2589 1714 2650 Ariete,

933 2671 982 2720 cito
993 2685 1048 2721 enrn
1058 2675 1201 2737 retraxeris;
1210 2674 1320 2724 'celeriter
1328 2679 1411 2724 autern
1420 2677 1493 2725 etiam
1503 2677 1553 2738 ipse
1564 2677 1655 2727 venerit

933 2759 1034 2810 herilem
1042 2761 1073 2810 ad
1083 2762 1182 2812 domum
1194 2763 1353 2825 subtimidus,
1363 2767 1390 2813 ul
1400 2764 1487 2826 aliquis
1502 2765 1546 2819 iur.

934 2849 1052 2911 palpitans
1062 2864 1104 2898 cor
1114 2851 1160 2899 sub
1173 2853 1253 2910 metu,
1267 2855 1341 2914 otqrre
1352 2852 1425 2901 etiem
1437 2853 1521 2902 ocutos

933 2937 1081 2988 raeticulosia
1090 2939 1196 2988 lacrimis
1207 2940 1317 3002 pertusus
1328 2942 1450 3003 apparent.

965 3025 1006 3075 Sin
1017 3028 1099 3078 eutem
1112 3027 1404 3080 raurannmeetredux
1418 3030 1535 3088 cornuta,

933 3114 979 3164 riri
989 3113 1069 3164 divitis
1080 3115 1105 3172 in
1115 3115 1209 3166 edibus
1220 3129 1303 3167 errem

934 3215 1018 3252 servus
1030 3204 1117 3252 noxius
1127 3203 1215 3266 lateet;
1224 3217 1287 3266 segre
1295 3206 1377 3254 autem
1387 3204 1459 3254 etiem
1469 3203 1492 3253 in
1502 3215 1557 3254 suas
1568 3204 1633 3254 mdes

934 3289 1052 3338 industria
1063 3290 1195 3340 nummaria
1206 3304 1263 3340 euru
1276 3291 1425 3354 rexrecipiet
1437 3304 1532 3351 rursus,

935 3391 1059 3440 perpessus
1069 3377 1200 3426 admodum
1210 3377 1286 3427 multe
1295 3380 1369 3441 atque
1377 3377 1560 3440 cogitationibus
1567 3378 1686 3429 laborans.

966 3467 1008 3516 Sin
1017 3465 1041 3514 in
1056 3465 1183 3528 Amyclmis
1193 3466 1273 3514 videas
1285 3469 1411 3515 cornutam
1422 3468 1515 3516 Lunam

928 3554 1079 3616 jnuenidun
1093 3555 1202 3604 celeriter
1211 3567 1267 3604 eum
1277 3556 1346 3603 tuam
1357 3554 1457 3603 domum
1470 3554 1621 3615 introducam

934 3643 971 3692 sin
981 3655 1038 3692 vero
1047 3641 1174 3692 evitaverit
1182 3643 1291 3704 quinque
1297 3641 1349 3692 dies
1360 3645 1384 3692 et
1393 3643 1488 3693 occulte

934 3731 1017 3792 lateat,
1029 3730 1136 3793 prolecto
1148 3743 1204 3779 eum
1217 3729 1315 3780 tertium
1322 3732 1377 3793 post
1389 3744 1496 3780 mensem
1507 3731 1614 3794 recipias.
1696 3723 1700 3728 ’

965 3819 1007 3868 Sin
1021 3821 1150 3870 donorum
1160 3818 1261 3868 domum
1270 3831 1339 3868 snam
1351 3820 1432 3882 regina
1443 3823 1509 3869 tuna

935 3907 1107 3970 proficiscetur,
1117 3906 1257 3957 inveulaein
1265 3919 1335 3958 sacro
1345 3908 1401 3959 luco
1410 3921 1517 3968 servum,

878 4072 881 4078 Ι
934 3997 977 4045 aut
988 3995 1061 4045 οεὶεεα
1071 3995 1095 4044 lu
1106 3994 1209 4045 delubro
1218 3995 1341 4046 occultam
1350 3996 1477 4047 fidentem
1485 4008 1580 4056 σεεεαι,

935 4084 1040 4134 emunda
1049 4083 1074 4133 in
1085 4084 1140 4134 luca
1148 4100 1156 4146 ;
1165 4083 1281 4135 divinitus
1289 4086 1372 4134 eutem
1382 4084 1514 4147 supplicem
1525 4083 1628 4134 reducas

936 4173 1007 4222 rectia
1015 4172 1122 4222 crinibus
1132 4172 1270 4222 horrentem
1279 4172 1447 4223 blaterantem.

965 4263 1008 4312 Sin
1020 4260 1127 4312 Nemeaei
1134 4261 1167 4311 sit
1174 4261 1200 4311 in
1211 4259 1320 4324 partibus
1329 4263 1431 4323 ιεοπίε,

935 4351 954 4399 si
967 4350 991 4399 in
1002 4349 1080 4412 prime
1091 4351 1147 4399 lore
1157 4362 1255 4398 cunum
1269 4348 1364 4410 dirigat,

935 4440 1031 4501 latebit,
1043 4451 1186 4502 nequeeum
1195 4436 1323 4488 iterumad
1334 4436 1415 4485 locum
1427 4435 1517 4485 domini
1528 4438 1564 4486 sui

935 4529 1052 4592 adspicias
1063 4528 1183 4578 tumulum
1195 4527 1406 4587 urbe-extorrem
1418 4525 1455 4575 sin
1464 4538 1522 4575 vero
1531 4525 1571 4576 die

934 4616 1040 4667 secunda
1049 4616 1139 4678 caperit
1150 4612 1388 4677 θανατώσουσιν
1399 4612 1505 4675 perticiet

935 4705 1011 4768 θεςας
1021 4709 1093 4767 atque
1105 4703 1211 4752 invenias
1219 4703 1244 4751 in
1253 4701 1347 4751 edibus
1359 4700 1416 4751 euris
1424 4701 1469 4750 viri

935 4789 1317 4853 divitissuperbientisgestlentis
1325 4789 1486 4841 virili-robore
1498 4789 1571 4837 animi
1578 4809 1585 4850 ;

935 4892 1018 4944 quaere
1025 4880 1105 4928 antem
1116 4877 1141 4925 in
1152 4890 1210 4938 agro
1220 4888 1276 4926 eum
1286 4874 1363 4924 autin
1374 4872 1476 4924 llorerrta
1487 4873 1567 4923 horto.

966 4968 1008 5017 Sin
1019 4969 1087 5017 Luna
1098 4967 1123 5012 in
1140 4967 1244 5025 Virpine
1256 4963 1382 5013 incedente

936 5056 1029 5118 linquat
1041 5054 1139 5103 domum
1149 5052 1201 5102 lieri
1210 5090 1217 5114 ,
1227 5052 1328 5114 recipias
1338 5065 1394 5101 eum
1403 5052 1428 5100 in
1437 5050 1527 5118 multis·

935 5143 1037 5204 diebus;
1050 5144 1158 5190 nrornlur
1167 5142 1232 5190 enim
1242 5141 1363 5199 occultus,
1376 5140 1394 5189 si
1403 5141 1428 5188 in
1437 5139 1484 5196 boc

934 5232 1003 5296 signo
1013 5234 1080 5282 luna
1090 5229 1285 5295 bena-splendida
1294 5225 1592 5293 perminorem-curante
