4022 6084
743 700 751 714 ’
868 744 1357 866 urinantium.

972 1180 1257 1218 *-

347 1565 414 1625 Hac
430 1566 491 1646 jam
513 1567 621 1626 dudum
642 1568 805 1646 perscripta
824 1581 853 1627 et
875 1567 973 1646 operis
987 1567 1091 1626 tradita
1138 1569 1265 1643 ut11‚c.
1291 1572 1344 1645 ia,
1366 1593 1397 1652 p.
1420 1573 1473 1647 383
1489 1573 1572 1652 prd.
1592 1573 1629 1632 sd
1645 1572 1707 1647 lll,
1725 1595 1757 1654 p.
1777 1575 1811 1642 45
1829 1587 1898 1652 sq.et

307 1674 399 1733 erant,
406 1681 494 1739 quum
503 1662 619 1720 tandem
629 1676 731 1721 nactus
739 1683 803 1722 sum
813 1667 885 1720 Iulii
892 1667 1019 1720 Materni
1027 1667 1089 1720 Fir·
1137 1665 1239 1724 borum
1254 1679 1283 1725 et
1296 1667 1422 1728 aliorum
1433 1681 1595 1746 auctorum,
1605 1681 1639 1728 ut
1650 1673 1806 1738 Ptolemaei,
1820 1677 1899 1726 Antio

306 1763 371 1814 mici
384 1757 544 1816 Matbeseos
558 1756 650 1817 libros
664 1756 748 1830 v111,
762 1777 837 1836 quos
848 1761 902 1816 sub
914 1759 1091 1836 imperatore
1136 1762 1192 1832 citt,
1212 1765 1353 1836 Dorum,
1370 1763 1514 1824 meminit.
1530 1763 1611 1823 luter
1627 1783 1704 1842 quos
1718 1783 1808 1842 quum
1821 1763 1898 1822 Mane·

306 1852 1090 1932 Constantinoconscriptosesseconstat.Sedopcrosis
1137 1858 1234 1919 thonis
1248 1879 1397 1938 nunquam
1410 1861 1521 1921 mentio
1538 1861 1604 1935 fiat,
1623 1860 1704 1921 baud
1714 1861 1899 1941 improbabilis
1964 1903 1965 1924 l

305 1949 406 2018 Quinti
418 1950 523 2008 edendi
532 1948 683 2008 laboribus
690 1949 796 2009 obruto
806 1951 891 2009 licuit
900 1963 1010 2010 tantum
1022 1972 1090 2030 pro·
1137 1954 1496 2032 estsuspicioautalioant
1505 1955 1718 2016 nullonomine
1728 1957 1782 2015 illa
1790 1957 1899 2015 carmina

305 2058 423 2123 perante
446 2045 532 2102 oculo
554 2045 628 2103 vasti
650 2045 748 2123 operis
763 2059 874 2123 partem
896 2045 956 2104 iere
977 2047 1090 2106 tertiam
1136 2047 1266 2107 Materno
1279 2061 1348 2107 nota
1362 2049 1548 2108 missalium
1566 2051 1645 2108 euim
1664 2063 1717 2109 aut
1729 2051 1777 2110 bis
1790 2051 1856 2130 ipsis
1864 2063 1900 2106 aut

304 2159 485 2216 percurrere.
502 2139 528 2196 'l'
529 2159 612 2198 amen
631 2159 697 2218 quae
717 2141 874 2199 intersum
893 2154 922 2200 et
938 2141 1086 2200 Manetbo·
1136 2143 1306 2216 simillimis,
1319 2163 1384 2221 quae
1396 2147 1558 2222 perierunt,
1569 2164 1654 2204 usum
1669 2164 1737 2206 csse
1750 2144 1897 2204 miravelin

304 2235 392 2292 niana
403 2235 562 2293 intercedat
574 2235 660 2307 ratio,
672 2235 773 2313 paucis
782 2235 998 2294 indicarelicet.
1009 2236 1042 2294 ld
1055 2257 1091 2294 ex
1136 2238 1299 2312 argumenti
1308 2237 1505 2316 aequabilitate
1516 2239 1673 2298 multorum
1683 2240 1817 2300 locorum
1830 2239 1899 2298 sinri-

304 2331 397 2408 ipsius
410 2331 563 2409 scriptoris
574 2329 676 2389 verbis
690 2331 838 2408 explicare
851 2351 1020 2410 possumus,
1039 2334 1091 2410 qui
1137 2331 1229 2390 litudo
1238 2333 1358 2391 evincit.
1370 2331 1488 2391 Firmici
1496 2332 1614 2411 quidem
1621 2353 1708 2413 opus,
1719 2335 1798 2414 quod
1806 2334 1897 2396 vadam

304 2424 335 2482 in
352 2425 523 2500 praefatione
540 2423 653 2482 librili
678 2445 708 2501 p.
727 2425 761 2482 15
777 2423 841 2506 (ed.
860 2425 983 2500 llervag.
1000 2427 1088 2485 anil.
1136 2429 1329 2506 pristinorum
1357 2430 1581 2506 Astrologorum
1602 2430 1769 2492 doctrinam
1790 2433 1821 2492 in
1844 2431 1899 2490 artis

307 2521 379 2578 1551
391 2521 416 2600 l,
428 2535 582 2600 postquam
598 2533 704 2599 praeter
716 2520 858 2579 Caesarem
880 2534 909 2578 et
918 2521 1088 2581 Ciceronem
1137 2527 1285 2604 perpetuis
1296 2525 1449 2604 praeceptis
1459 2525 1602 2584 ordinatas
1607 2545 1717 2604 corpus
1726 2527 1898 2602 mentum

303 2617 448 2675 neminem
458 2615 629 2674 Latinorum
641 2614 677 2673 de
691 2615 745 2673 bac
758 2628 820 2674 arte
830 2617 982 2693 scripsisse
996 2617 1087 2690 dixit,
1137 2621 1227 2678 multo
1233 2621 1320 2698 plura
1328 2621 1531 2699 complectitur
1545 2639 1632 2698 quam
1647 2623 1759 2698 quaein
1771 2620 1898 2680 Mmetbo-

302 2713 345 2770 ita
360 2711 458 2788 pergit
476 2732 483 2767 ι
502 2705 515 2762 e
533 2709 617 2769 Unde
636 2729 690 2768 nos
708 2718 816 2782 omnia,
832 2731 897 2788 qnae
912 2711 949 2769 de
960 2712 1015 2770 ista
1029 2726 1090 2770 arte
1136 2714 1232 2773 uianis
1243 2715 1395 2790 legtmtur;
1410 2714 1461 2773 scd
1475 2714 1537 2773 baec
1550 2715 1616 2793 ipsa
1627 2726 1685 2773 tam
1699 2716 1789 2793 plene
1801 2715 1898 2792 sepius·

302 2806 430 2884 AEgyptii
447 2804 660 2883 babyloniique
674 2804 827 2880 dixerunt,
841 2804 934 2864 docili
947 2809 1090 2865 sermonis
1135 2830 1193 2889 que
1204 2813 1327 2889 repetita
1335 2810 1474 2887 continet,
1485 2824 1517 2870 ut
1525 2831 1671 2889 quamque
1680 2811 1898 2871 Manethonimu·

302 2901 485 2960 institutione
496 2899 713 2972 transtulimus,
725 2912 757 2958 nt
768 2899 791 2957 ii
806 2901 857 2976 qui
869 2899 905 2957 ad
919 2901 1090 2978 explicanda
1136 2926 1201 2964 rum
1214 2907 1385 2966 sententiam
1392 2906 1528 2986 plurimis
1536 2907 1710 2985 plerumque
1720 2908 1743 2966 t
1743 2907 1836 2967 irmici
1844 2905 1898 2964 loeis

303 2994 453 3052 bominum
479 2993 537 3052 fata
563 2993 737 3066 formantur,
762 2993 938 3072 pedetentim
964 2994 1087 3069 imbuti,
1136 3003 1251 3060 firmare
1269 3003 1374 3080 possis.
1385 3001 1497 3080 ltaque,
1509 3021 1575 3079 quse
1588 3000 1625 3060 ds
1643 3001 1765 3062 illorum
1786 3014 1859 3062 aute
1872 3017 1898 3056 er

302 3109 417 3148 omnem
424 3089 588 3148 divinitatis
593 3089 743 3149 scientiam
751 3075 1089 3168 consequentiumllron·
1135 3100 1227 3166 mbas,
1240 3116 1306 3175 quae
1316 3097 1396 3156 iniis
1406 3109 1680 3170 commemorantur,
1693 3097 1896 3178 disputavimus,

303 3198 399 3243 tonem
411 3184 489 3243 enirn
507 3210 519 3237 ι
537 3199 667 3244 nostrum
685 3209 698 3237 ι
717 3183 878 3262 Hipparchi
891 3198 1020 3243 secutum
1034 3189 1089 3243 fln-
1135 3211 1214 3251 eaex
1226 3191 1345 3251 firmici
1355 3191 1442 3251 libris
1453 3205 1511 3250 tam
1524 3191 1606 3268 larga
1617 3195 1819 3272 exemplorum
1833 3189 1899 3269 eopia

302 3283 386 3340 tiscia
410 3282 451 3339 ita
469 3282 714 3359 Apotelesmatum
737 3281 894 3342 sententias
907 3284 1086 3360 protulisse,
1135 3288 1373 3368 comprobantur,
1384 3290 1517 3366 utquies
1528 3287 1897 3368 componerevelletomnia,

253 3413 259 3426 ·
302 3391 446 3455 uinquam
460 3396 525 3434 cum
536 3376 673 3455 perfectis
683 3375 744 3454 jam
754 3389 784 3435 et
795 3377 898 3454 peritis
910 3376 1088 3453 loqueretur.
1135 3384 1243 3443 librum
1258 3383 1444 3443 conscribere
1452 3383 1572 3442 deberet
1581 3383 1695 3448 ambitu
1704 3404 1761 3445 suo
1774 3381 1898 3444 ilanetbv

304 3473 374 3532 Eum
383 3479 549 3531 anronem
556 3493 616 3532 non
626 3476 772 3556 Cirtanum
783 3493 857 3545 csse,
866 3472 1087 3534 celeberrimum
1134 3482 1221 3540 niana
1237 3482 1322 3558 longe
1335 3493 1529 3560 superantem.
1543 3479 1722 3540 Nominatim
1732 3495 1898 3562 quascumque

300 3567 976 3647 MarciAureliipraeceptorem,schmesannm,
988 3570 1089 3646 quire·
1134 3577 1170 3636 de
1185 3576 1312 3650 artibus,
1325 3577 1426 3650 noxis,
1442 3575 1566 3655 opibus,
1582 3578 1711 3655 nuptiis,
1729 3577 1827 3637 liberis
1838 3572 1897 3634 side·

301 3663 578 3744 guanterllexandro
588 3663 696 3722 Severo
704 3663 814 3734 floruit,
827 3665 1084 3738 utverisimileest,
1134 3693 1198 3730 rum
1211 3671 1432 3731 constellatione
1440 3671 1759 3746 indicatisafferuntnr,
1769 3669 1896 3732 simillimo
1964 3697 1965 3718 t

300 3765 342 3822 ita
352 3761 464 3841 aliquid
475 3761 615 3838 ponderis
627 3759 709 3818 addit
721 3772 828 3818 nostrae
837 3761 875 3819 de
890 3761 1033 3820 librorum
1046 3763 1084 3834 ll,
1135 3768 1222 3826 modo
1234 3780 1262 3825 et
1274 3766 1311 3824 ad
1327 3785 1464 3826 nauseam
1485 3785 1578 3844 usque
1595 3781 1710 3826 recocta
1719 3767 1797 3846 apud
1810 3763 1896 3824 Firmi·

300 3858 380 3916 lllet
390 3857 427 3914 Vl
438 3855 727 3914 Manethonianorum
739 3857 867 3915 auctoris
876 3869 1006 3934 tempore
1018 3878 1087 3915 con·
1134 3883 1200 3921 cum
1211 3863 1359 3938 leguntur,
1373 3863 1415 3920 ita
1427 3874 1460 3920 ut
1472 3862 1559 3921 etiam
1576 3861 1647 3923 inda
1660 3875 1811 3941 appareat,
1823 3875 1896 3938 quan·

296 3955 428 4034 jecmrae.
440 3953 512 4012 Cum
524 3953 570 4010 his
584 3952 949 4031 cfr.,quteideminpraef.
961 3953 1088 4029 librilV,
1135 3971 1233 4037 topere
1248 3961 1373 4016 Maximi
1390 3956 1465 4016 illud
1487 3956 1680 4033 fragmentum
1705 3957 1745 4017 ab
1758 3958 1810 4018 bac
1831 3964 1896 4014 state

299 4052 475 4132 paedixit:
489 4051 614 4108 «Omnia
623 4050 714 4123 euim,
727 4069 792 4129 quae
804 4049 1000 4128 AEsculapr'oQ
1014 4053 1050 4132 (i.
1059 4071 1085 4110 e.
1133 4055 1261 4113 alienum
1274 4053 1323 4112 sit.
1762 4079 1763 4084 ¹

298 4151 474 4226 Mercurius)
493 4149 697 4226 linichnusque
708 4147 907 4220 tradiderunt,
921 4167 987 4226 quae
1001 4149 1087 4206 Peto·
1174 4148 1252 4208 lnter
1261 4163 1321 4207 octo
1331 4147 1435 4220 libros,
1446 4166 1573 4226 quornm
1582 4150 1696 4228 primus
1707 4148 1842 4209 doctrinm
1850 4161 1895 4200 ω·-

299 4247 377 4324 syris
389 4245 549 4325 explicavit
561 4256 590 4302 et
604 4241 750 4323 Necepso,
765 4262 829 4320 quse
849 4243 1012 4315 Abrabam,
1032 4245 1086 4301 0r·
1134 4243 1293 4302 thematicae
1306 4256 1408 4303 contra
1419 4243 1601 4304 adversarios
1614 4243 1809 4304 defensionem
1822 4239 1895 4300 conti·

299 4341 392 4420 pbeus
402 4354 431 4398 et
444 4339 628 4399 Critodemus
641 4339 812 4410 ediderunt,
828 4339 976 4416 ceterique
987 4359 1086 4398 ornnes
1135 4353 1199 4413 net,
1213 4359 1289 4400 unns
1300 4352 1354 4411 est,
1363 4346 1501 4416 εφιὶιηω,
1518 4339 1570 4416 qui
1579 4357 1701 4419 prorsus
1707 4341 1806 4399 eodem
1815 4331 1893 4400 molt

300 4437 389 4515 hujus
409 4437 479 4495 artis
500 4436 634 4507 antiscii,
653 4435 780 4513 perlecta
794 4435 905 4511 pariter
924 4448 1010 4512 atque
1023 4437 1087 4494 col-
1132 4448 1218 4513 atque
1232 4435 1408 4512 antiquioris
1428 4435 1568 4495 carminis
1587 4433 1802 4494 llanetbouiani
1818 4434 1894 4489 tertie

301 4534 374 4592 lecta
398 4545 428 4591 et
453 4533 609 4592 contrariis
631 4534 839 4591 sententiarum
868 4531 1088 4592 diversitatibus
1134 4529 1510 4609 (bodieomniumsextus),
1523 4530 1752 4589 nonasiderum
1763 4522 1894 4588 constella-
1964 4549 1965 4592 f

301 4645 465 4709 comparata
479 4631 511 4687 in
525 4630 571 4689 his
590 4631 816 4708 perscripsimus
829 4628 933 4702 libris,
955 4629 1086 4689 divinam
1132 4625 1212 4684 tione
1225 4627 1262 4684 ad
1276 4625 1428 4686 bominum
1448 4625 1505 4685 fata
1520 4624 1571 4684 sed
1582 4624 1620 4683 ab
1634 4624 1785 4683 bominum
1799 4611 1893 4719 fatisci
1964 4635 1965 4680 l

300 4726 375 4784 banc
388 4725 538 4783 scientiam
555 4723 693 4784 Romanis
705 4723 843 4791 omnibus
856 4725 1024 4783 intimantes
1036 4745 1043 4782 :
1056 4738 1089 4782 ut
1132 4721 1261 4780 siderum
1275 4722 1523 4782 constellationem
1538 4720 1652 4780 transit.
1668 4719 1851 4798 Exponuntur
1860 4709 1893 4769 ibt
1964 4777 1965 4814 1

301 4821 372 4893 hoc,
395 4819 474 4898 quod
497 4818 673 4896 quibusdam
697 4820 905 4879 difficillimum
935 4820 1088 4878 videbatur
1134 4815 1582 4896 (utpartemaiferamldsinceps
1591 4817 1789 4895 expositorum
1798 4811 1839 4870 vel
1848 4821 1893 4865 nou
1964 4815 1965 4850 l

300 4929 422 4994 propter
434 4915 530 4973 Latini
549 4916 694 4974 sermonis
712 4916 876 4992 angustias,
892 4928 1007 4974 ostensa
1022 4915 1086 4973 llo-
1132 4913 1309 4971 nutritorum
1319 4955 1328 4988 ,
1338 4910 1538 4988 geminorum,
1553 4928 1706 4970 servornm
1719 4929 1770 4968 seu
1782 4903 1893 4984 captiv0·

301 5013 379 5072 mani
396 5013 540 5072 sermonis
555 5012 696 5094 licentia,
716 5014 796 5072 veris
813 5033 848 5071 ac
862 5012 1023 5071 manifestis
1042 5012 1087 5070 in·
1133 5027 1215 5080 rum,
1229 5005 1433 5067 libertinorum
1441 5020 1470 5066 et
1480 5007 1659 5083 liberorum,
1670 5013 1891 5065 monstrosorum,

302 5105 560 5188 terpretationibus
571 5107 759 5185 explicarem.
776 5107 872 5167 acum
886 5108 932 5167 his
945 5109 998 5168 cfr.
1015 5111 1087 5164 Ma·
1132 5101 1332 5162 eunuchorum
1351 5117 1381 5163 et
1394 5103 1715 5183 hermaphroditornm,
1733 5101 1894 5160 orbor-unet

301 5202 677 5282 nati.1,11sq.,ll,a‚l.,
700 5224 745 5260 ιο.
759 5202 903 5261 Praeterea
916 5203 982 5262 aliis
996 5203 1086 5283 locis,
1132 5200 1337 5279 adoptivorum
1349 5203 1493 5276 liliorum,
1507 5197 1891 5281 incestorumetpndiconutt
1964 5183 1965 5216 ³
