4058 6092
307 377 380 453 ml
987 374 1203 434 rnarx‘uo.
1279 350 1282 360 '

356 505 496 577 Deinde
523 505 702 577 beneflcio
726 505 924 593 Poesclrll'r',
956 530 1064 600 quem
1090 530 1198 602 supra
1228 504 1392 594 laudavi,
1425 505 1546 602 accepi
1578 502 1901 574 accuratissimam

308 635 540 710 collationem
555 638 705 724 codicis,
723 664 796 734 quo
814 639 887 734 jam
911 661 997 708 usus
1016 652 1070 707 est
1090 636 1310 724 Bruncltius,

346 923 472 984 vindob.
488 926 542 981 311
559 922 674 1002 (Caesar
684 925 713 978 V
711 921 804 979 indob.
813 921 872 980 sive
881 920 973 997 Cres).
988 919 1169 990 Continetur‚
1185 935 1289 998 praeter
1302 921 1375 978 alios
1384 920 1556 998 scriptores,
1569 918 1637 977 inde
1648 939 1666 978 a
1678 919 1727 977 tot.
1737 919 1774 976 62
1783 920 1900 978 incerti

307 1034 433 1091 auctoris
443 1029 606 1087 observatio
621 1027 682 1109 περὶ
692 1027 805 1108 Δωρίδος
817 1025 961 1085 διαλέκτου.
974 1023 1008 1084 ‘ll
1026 1024 1110 1104 Δωρὶς
1124 1023 1287 1098 διώλεκτοςή
1302 1025 1354 1084 ἀπὸ
1370 1025 1461 1107 Δώρου
1474 1030 1520 1084 τοῦ
1532 1023 1663 1095 Ἕλληνος
1677 1023 1744 1083 οὗτοι
1757 1025 1897 1095 κληθεῖσα

307 1138 363 1195 κτλ.
380 1134 453 1192 Inde
470 1155 486 1190 a
501 1133 549 1191 tot.
564 1134 601 1189 63
616 1129 726 1210 Μόσχου
742 1129 769 1214 [ἢ
784 1151 868 1189 asec.
881 1151 917 1187 m.
932 1130 1086 1208 suprascr]
1106 1130 1249 1211 Θεοκρίτου
1266 1129 1426 1192 Σικελιώτου
1438 1127 1615 1212 ’ἐπιτάφιος
1637 1128 1769 1203 Βίωνος,
1783 1130 1856 1186 inde
1877 1151 1894 1184 ιι

312 1241 355 1299 tot.
369 1241 406 1298 66
417 1244 463 1297 τοῦ
478 1239 556 1296 αὐτοῦ
568 1237 679 1316 Μόσχου
696 1235 832 1295 οικελιώτο
846 1235 910 1315 (sic)
925 1233 1067 1314 Εὐρώπη
1086 1241 1103 1308 ἡ
1121 1238 1193 1317 παρὰ
1212 1237 1272 1304 Διὸς
1284 1237 1448 1316 ἁρπαγεῖσα,
1460 1237 1527 1295 inde
1543 1257 1560 1294 a
1577 1236 1624 1294 fol.
1639 1257 1671 1308 7¹
1691 1233 1794 1314 Ἔρως
1810 1237 1897 1316 δρα-

307 1344 422 1417 πέτης,
440 1343 508 1402 inde
528 1363 545 1400 a
564 1342 613 1400 tol.
628 1362 665 1415 72
684 1339 835 1422 Μέγαρα,
861 1342 889 1398 in
910 1341 991 1417 cujus
1009 1338 1143 1396 carminis
1155 1359 1184 1398 v.
1205 1341 1238 1396 31
1259 1337 1365 1396 desinit
1384 1338 1476 1396 codex
1494 1339 1594 1394 relicto
1612 1341 1717 1416 exiguo
1735 1339 1833 1414 spatio
1858 1341 1892 1395 in

306 1449 404 1508 eadem
419 1451 533 1527 pagina,
547 1466 633 1524 quam
648 1459 709 1505 turn
723 1458 884 1524 sequuntur
897 1445 956 1502 duo
972 1445 1040 1502 lolia
1053 1446 1183 1520 integra,
1198 1445 1227 1499 in
1244 1442 1349 1520 quibus
1367 1443 1440 1500 nihil
1458 1445 1597 1520 scriptum
1616 1456 1668 1502 est.
1686 1445 1819 1502 Ceterum
1839 1444 1894 1500 hic

306 1554 397 1614 codex
413 1581 425 1605 a
436 1567 479 1612 est
493 1552 728 1611 membranaceus
742 1551 969 1628 elegantissimus
978 1551 1008 1608 in
1020 1562 1125 1628 quarto
1138 1560 1307 1625 constatque
1318 1569 1354 1606 ex
1372 1549 1447 1606 loliis
1463 1551 1644 1627 septuaginta
1657 1563 1786 1627 septem,
1803 1563 1834 1608 et
1850 1553 1891 1608 ad

305 1665 445 1717 loannem
455 1654 630 1717 sambucum
646 1656 715 1714 olim
731 1655 879 1732 pertinuit.
891 1679 904 1706 ι
916 1657 1022 1712 Nessel.
1320 1639 1323 1648 ’

353 1969 427 2058 Ego
449 1962 545 2061 apud
564 1963 632 2034 hos
648 1987 797 2059 quoque
814 1976 937 2059 poetas
952 1963 1045 2031 sicut
1062 1961 1160 2058 apud
1175 1961 1407 2032 Theocritum
1425 1963 1556 2033 retinui
1577 1962 1662 2058 sigla
1678 1961 1889 2033 Gaislordii.

305 2101 390 2165 Nam
408 2095 492 2167 talia
520 2111 656 2165 mutare
687 2093 791 2164 facile
821 2093 931 2162 efficit
956 2093 1221 2184 confusionem.
1240 2096 1330 2162 Cum
1350 2093 1407 2162 his
1426 2091 1608 2182 subsidiiS,
1633 2119 1711 2190 quae
1730 2119 1771 2164 ex
1796 2109 1888 2164 autt-

305 2228 448 2325 graphis
461 2226 712 2323 suppetebant,
729 2225 903 2318 conjunxi
916 2240 1053 2295 veteres
1065 2227 1355 2322 recentioresque
1368 2226 1556 2314 editiones,
1573 2227 1609 2296 in
1623 2225 1757 2322 quibus
1768 2243 1888 2323 poetae

303 2360 463 2442 bucolici
491 2361 545 2429 vel
576 2359 800 2453 conjunctim
824 2359 878 2427 vel
912 2359 1100 2454 separatim
1133 2359 1253 2428 emissi
1283 2374 1379 2429 sunt.
1404 2363 1454 2429 Ex
1478 2361 1519 2430 iis
1539 2361 1575 2430 in
1605 2359 1739 2456 quihus
1763 2361 1824 2430 Bio
1850 2377 1887 2430 et

308 2493 479 2563 Moschus
497 2493 646 2562 seorsim
664 2490 900 2588 prodierunt,
919 2491 1109 2560 consulere
1127 2493 1230 2586 potui
1248 2491 1425 2561 editiones
1452 2494 1718 2588 Longopetraei,
1739 2491 1885 2562 Schwe-

305 2624 403 2712 belii,
429 2625 595 2709 Heskini,
621 2623 788 2709 Schierii,
820 2621 983 2710 Harlesii,
1010 2622 1205 2711 Teucheri,
1229 2628 1284 2692 Fr.
1309 2623 1484 2712 lacobsii,
1504 2624 1750 2711 Wakefieldii,
1779 2629 1885 2693 Man-

305 2760 416 2828 sonis.
503 2803 506 2810 -

353 2893 463 2959 Porro
477 2912 592 2983 quum
618 2887 764 2957 Casellis
789 2888 825 2955 in
842 2901 1022 2956 conventu
1043 2885 1312 2983 philologorum
1332 2885 1530 2983 aliquando
1559 2912 1642 2960 cum
1667 2887 1811 2986 Berglo'o
1828 2887 1885 2958 lo·

305 3045 434 3116 querer
451 3018 495 3088 de
514 3019 626 3088 Bione
645 3032 680 3087 et
698 3018 869 3106 Moscho,
891 3042 1048 3114 eumque
1066 3019 1327 3090 humanissime
1345 3021 1625 3115 interrogarem,
1646 3045 1735 3090 num
1754 3036 1887 3116 praeter

305 3149 575 3222 emendationes
593 3150 638 3221 ab
663 3151 740 3246 ipso
760 3149 832 3244 jam
854 3152 889 3219 in
915 3150 1075 3220 medium
1099 3151 1254 3246 prolatas
1276 3150 1411 3248 aliquid
1433 3153 1469 3222 in
1497 3155 1640 3223 scriniis
1658 3153 1778 3223 adhuc
1800 3156 1885 3224 reti-

306 3297 433 3353 neret:
459 3282 518 3352 ille
536 3284 591 3352 vir
611 3284 726 3353 alacer
749 3297 789 3352 ut
808 3299 860 3352 est
880 3297 915 3352 et
937 3299 1130 3379 promptus
1149 3285 1195 3354 ad
1216 3284 1334 3354 studia
1353 3284 1507 3354 aliorum
1529 3285 1688 3381 juvanda
1710 3287 1798 3355 mihi
1820 3313 1886 3358 sua

305 3432 435 3512 sponte
453 3415 638 3512 promisit,
659 3441 696 3485 se
717 3415 855 3510 aliquot
880 3405 1150 3508 observationes
1171 3441 1246 3486 esse
1277 3441 1418 3486 mecum
1449 3421 1816 3489 communicaturum.
1840 3423 1888 3491 Et

306 3549 426 3645 paullo
441 3562 522 3644 post
538 3546 583 3616 ad
601 3572 656 3616 me
669 3548 765 3616 misit
779 3572 843 3643 per
857 3548 1046 3643 epistolam
1060 3549 1215 3643 egregias
1231 3548 1405 3644 quasdam
1422 3551 1713 3639 emendationes,
1729 3576 1886 3646 quarum

305 3682 390 3752 alias
407 3681 444 3750 in
472 3678 639 3749 ordinem
659 3678 852 3748 verborum
881 3681 998 3775 recepi
1025 3680 1103 3774 (Bio
1125 3685 1151 3749 l.
1174 3706 1233 3749 ar.
1261 3681 1317 3750 26.
1339 3679 1397 3776 57.
1424 3682 1560 3752 Mosch.
1588 3688 1616 3752 1.
1643 3685 1718 3776 ro),
1740 3685 1825 3754 alias
1848 3686 1886 3754 in

305 3812 538 3884 adnotatione
562 3810 736 3897 indicavi3
765 3836 1041 3907 nonnumquam
1057 3836 1143 3882 vero
1162 3813 1267 3881 etiam
1290 3814 1475 3909 BergkiuS,
1503 3839 1583 3909 quar
1603 3829 1655 3885 est
1668 3815 1746 3910 ejus
1769 3815 1882 3885 admi-

307 3942 416 4014 randa
439 3943 627 4036 sagacitas,
650 3942 686 4010 in
705 3942 867 4012 eamdem
898 3968 982 4013 cum
1008 3943 1088 4012 aliis
1115 3943 1243 4013 incidit
1265 3947 1491 4015 sententium.
1517 3951 1640 4041 ltaque
1669 3947 1786 4017 facere
1809 3972 1886 4017 non

284 4101 476 4173 possum,
495 4075 583 4170 quin
608 4075 687 4145 viro
712 4074 898 4144 excellenti
925 4101 991 4171 pro
1014 4075 1086 4146 hoc
1110 4077 1241 4168 insigni
1267 4077 1530 4149 benevolentiae
1554 4079 1794 4168 document0‚
1814 4107 1887 4176 qua

307 4234 422 4280 meam
444 4206 640 4294 editionem
658 4207 821 4294 ornavit,
841 4233 951 4303 quam
971 4209 1140 4278 maximas
1155 4233 1256 4304 agam
1278 4210 1418 4304 gratias.

353 4342 519 4436 Denique
536 4339 662 4434 ingrati
680 4363 791 4407 essent
815 4339 948 4428 animi,
964 4340 992 4408 si
1015 4342 1288 4436 praetermittere
1306 4367 1447 4436 possem
1469 4341 1633 4429 silentio,
1660 4343 1748 4414 mihi
1766 4344 1812 4414 de
1835 4370 1889 4414 se-

308 4475 408 4545 lectis
435 4473 552 4543 Bionis
583 4470 795 4565 Moschique
823 4472 912 4542 locis
940 4474 1194 4543 suavissimum
1221 4475 1457 4569 epistolarum
1490 4477 1747 4546 commercium
1776 4475 1890 4548 fuisse

308 4631 391 4676 cum
420 4608 461 4674 0.
482 4602 703 4673 Scltuer'dero.
728 4605 794 4673 Hic
813 4605 868 4674 vir
888 4604 1144 4676 candidissimo
1170 4607 1292 4674 animo
1307 4622 1341 4675 et
1361 4608 1530 4702 exquisita
1548 4607 1715 4678 doctrina
1735 4632 1790 4677 me
1807 4633 1891 4702 par-

307 4741 370 4810 tim
394 4763 413 4808 a
435 4729 599 4807 mutandi
626 4734 773 4806 audacia
797 4738 987 4826 revocavit,
1016 4739 1145 4833 partim
1167 4738 1321 4808 advertit
1349 4764 1468 4808 meum
1495 4742 1655 4810 animuin
1673 4740 1717 4809 ad
1735 4765 1788 4825 ca,
1808 4765 1891 4835 quar

309 4870 410 4941 lacile
434 4895 489 4940 me
518 4869 637 4963 fugere
656 4869 876 4964 potuissent,
902 4871 1031 4965 partim
1068 4896 1207 4940 mecum
1241 4873 1524 4943 communicavit
1554 4874 1687 4969 quihus
1717 4897 1889 4966 magnum

308 5003 458 5074 editioni
476 5024 562 5072 meaa
581 5001 690 5072 decus
709 5003 859 5099 paravit.
883 5007 959 5072 lam
981 5003 1068 5096 nihil
1092 5019 1193 5073 restat
1220 5005 1285 5073 uisi
1306 5022 1344 5074 ut
1364 5032 1506 5101 pergam
1525 5005 1690 5076 eamdem
1709 5006 1888 5076 rationem

310 5160 465 5220 servare,
481 5158 552 5229 qua
571 5133 666 5228 apud
683 5134 913 5206 Theocritum
936 5162 1019 5205 usus
1039 5162 1132 5205 sum.
1157 5137 1299 5228 legitur
1321 5139 1426 5230 igitur
