4058 6092
916 416 1134 478 PRAEFATIO.
1803 441 1822 481 v

245 549 403 623 modeste
426 564 628 621 correctum
662 573 704 622 ex
739 547 871 646 opibus
894 548 1164 621 Gaislordianis.
1192 548 1300 634 Quod
1335 561 1375 620 ut
1405 571 1451 618 eo
1489 550 1622 619 certius
1642 545 1818 630 ediceret,

241 672 364 744 denuo
396 674 549 770 inspexit
572 673 694 768 copias
721 671 1049 743 Sanctamandanas
1079 687 1114 743 ct
1139 670 1395 758 Dorvillianas,
1426 696 1510 766 quae
1534 671 1572 740 in
1599 668 1818 740 Bibliotheca

244 803 432 902 bodlejana
462 820 698 877 asservantur.
738 810 912 876 Praeterea
945 803 1085 899 aliquot
1126 803 1269 875 codices
1309 802 1522 899 llnglicanos
1555 802 1693 898 primus
1731 825 1819 871 con-

241 937 323 1008 tulit
346 961 388 1009 ac
412 936 615 1033 descripsit.
633 935 704 1005 Sed
723 960 766 1006 ex
786 935 959 1006 omnibus
981 934 1168 1007 codicibus
1186 935 1303 1006 attulit
1323 933 1375 1030 (id
1393 931 1493 1030 quod
1517 932 1716 1003 dolendum
1740 933 1819 1024 est]-

240 1093 371 1168 paucas
401 1068 655 1140 tantummodo
685 1070 869 1166 scripturae
904 1069 1148 1156 diversitates,
1186 1066 1495 1164 quemadmodum
1533 1067 1609 1163 ipse
1650 1067 1686 1136 in
1721 1065 1817 1162 prael.

239 1227 276 1300 p.
297 1205 386 1274 xlv.
400 1201 593 1299 profitetur
607 1203 886 1274 «annotationes
904 1227 987 1274 suas
1009 1227 1083 1272 non
1109 1215 1182 1272 tam
1201 1201 1237 1272 in
1259 1199 1475 1272 lectionibus
1493 1223 1537 1270 ex
1553 1198 1819 1296 Manuscripto·

240 1359 319 1405 rum
344 1358 443 1432 penu
464 1333 739 1432 depromendis,
766 1357 875 1430 quam
900 1335 937 1404 in
960 1335 1063 1405 novis
1081 1332 1392 1404 emendationibus
1416 1332 1470 1402 vel
1493 1329 1745 1430 proponendis
1763 1355 1817 1399 ve,

129 1460 132 1466 ’
237 1465 516 1538 corroborandis
538 1468 779 1564 maximopere
801 1467 931 1536 versari
946 1497 975 1536 r.
1008 1471 1055 1538 Ac
1074 1465 1239 1564 profecto
1263 1464 1459 1561 permultas
1482 1465 1519 1534 in
1548 1461 1711 1534 medium
1735 1485 1817 1556 prn-

238 1597 320 1668 tulit
341 1599 580 1696 suspiciones,
602 1624 682 1696 quae
700 1583 875 1696 insignem
904 1598 1050 1671 editoris
1078 1599 1280 1670 doctrinam
1310 1613 1346 1670 ct
1375 1599 1598 1692 sagacitatem
1623 1619 1816 1667 commou-

237 1747 361 1804 strant.
392 1737 447 1804 De
470 1732 511 1804 iis
532 1747 651 1804 autem
677 1733 895 1827 conjecturis
927 1733 1034 1804 sicuti
1066 1734 1308 1804 communiter
1331 1731 1519 1829 quomodo
1539 1733 1577 1802 in
1608 1745 1686 1802 toto
1704 1751 1816 1827 opere

238 1864 426 1937 tractando
448 1880 609 1937 versatus
626 1866 688 1952 sit,
703 1864 772 1936 alio
795 1866 878 1937 loco
899 1867 1099 1937 accuratius
1114 1864 1243 1936 dicam.
1259 1869 1386 1936 Praeter
1400 1862 1680 1936 Wordsworthii
1693 1860 1813 1934 studia

238 1999 289 2068 nti
312 1997 512 2069 mihilicuit
531 1996 690 2069 editione
703 2021 783 2094 quae
802 1997 934 2094 prodiit
948 1999 996 2068 ita
1016 1999 1189 2095 inscripta
1208 2025 1216 2069 :
1241 1995 1418 2068 Theocriti
1432 1999 1607 2068 Carmina.
1628 1999 1812 2068 Recensuit

240 2129 510 2227 Christophorus
526 2129 678 2226 Ziegler.
708 2135 740 2200 T
736 2129 890 2229 ubiegoe,
914 2131 1016 2216 1844.
1045 2130 1223 2224 Zieglerus
1239 2130 1411 2225 egregiam
1439 2128 1634 2200 Theocrito
1663 2151 1810 2225 operam

237 2261 421 2360 praestitit,
452 2260 553 2357 quod
582 2274 617 2330 et
651 2257 792 2331 ltalicos
821 2260 966 2331 codices
1001 2260 1124 2331 denuo
1165 2260 1317 2331 excussit
1346 2274 1381 2330 et
1414 2260 1588 2354 integram
1629 2259 1812 2356 scripturae

236 2393 509 2489 discrepantiam
541 2417 583 2462 ex
609 2391 651 2462 iis
674 2391 862 2462 collectam
886 2417 969 2462 cum
987 2391 1184 2463 lectoribus
1203 2392 1494 2462 communicavit.
1516 2396 1591 2462 Hac
1607 2405 1728 2462 autem
1751 2415 1811 2460 su-

237 2523 412 2621 pellectile
430 2527 626 2595 instructus
649 2547 716 2593 nec
745 2539 958 2619 aspernatus
980 2548 1059 2620 quae
1081 2523 1139 2595 alii
1167 2524 1287 2595 sobrie
1312 2524 1562 2622 disputarunt,
1589 2547 1705 2620 quum
1735 2523 1811 2619 ipse

236 2654 411 2752 permulta
437 2654 618 2726 subtiliter
636 2655 807 2742 restituit,
837 2670 911 2726 tum
941 2655 1017 2725 aliis
1042 2657 1223 2728 materiam
1246 2657 1509 2753 suppeditavit,
1540 2680 1613 2752 qua
1638 2656 1810 2753 deprava-

236 2788 370 2858 tissima
390 2785 467 2858 baec
488 2787 649 2858 carmina
671 2775 858 2884 paullatim
889 2787 934 2858 ad
959 2789 1140 2859 saniorem
1170 2789 1320 2860 formam
1350 2803 1567 2860 revocarent.
1598 2793 1651 2859 De
1677 2789 1810 2886 quibus

235 2909 342 2981 rebus
363 2936 477 3007 quum
494 2911 565 2982 alio
586 2911 668 2983 loco
692 2913 905 2984 sententiam
936 2937 1053 2984 meam
1080 2909 1147 2984 sim
1174 2913 1288 2985 fusius
1307 2916 1553 3011 expositurus,
1573 2912 1726 2984 sufficiet
1749 2915 1810 2984 lric

233 3041 431 3132 addidisse,
454 3068 511 3114 rna
538 3045 805 3116 recensionibus
834 3045 1114 3150 duumvirorum
1135 3046 1413 3118 Wordsworthii
1436 3062 1543 3142 atque
1561 3047 1707 3142 Ziegleri
1728 3073 1807 3144 per-

234 3189 374 3245 motum
395 3199 475 3272 quae
493 3177 699 3273 scripserim
717 3177 842 3249 denuo
869 3179 1109 3266 examinasse,
1126 3192 1163 3251 et
1180 3179 1359 3276 quidquid
1374 3205 1416 3250 ex
1435 3195 1585 3275 utraque
1603 3184 1808 3253 recensione

234 3304 421 3376 didicerim
443 3305 596 3376 fideliter
616 3307 847 3397 indicavisse,
871 3325 909 3380 ut
927 3309 1114 3381 bominem
1135 3310 1237 3383 decet
1254 3314 1410 3384 veritatis
1431 3326 1622 3384 amantem.
1648 3318 1691 3384 Et
1705 3316 1742 3386 in
1766 3316 1807 3384 iis

234 3461 381 3536 quoque
401 3437 508 3527 locis,
525 3438 561 3508 in
583 3438 719 3536 quibus
736 3464 792 3511 me
812 3440 867 3511 rel
882 3467 966 3514 cum
985 3419 1207 3540 utroquevel
1228 3469 1311 3516 cum
1326 3447 1499 3517 alterutro
1520 3449 1805 3522 consentientem

133 3607 137 3616 ·
232 3571 375 3660 inveni,
398 3574 546 3644 nomina
567 3596 691 3645 eorum
710 3573 783 3645 fere
803 3579 945 3672 semper
967 3578 1118 3649 honoris
1143 3603 1266 3651 caussa
1287 3582 1452 3678 apposni.
1483 3585 1596 3654 Porro
1618 3609 1663 3656 ne
1683 3609 1806 3682 super·

232 3703 305 3776 ilua
329 3704 521 3803 proderem
537 3720 599 3777 aut
617 3705 662 3777 ab
678 3706 757 3778 aliis
771 3708 845 3803 jam
860 3711 944 3781 satis
961 3710 1150 3807 explanata
1162 3711 1280 3782 inutili
1296 3714 1406 3784 modo
1428 3731 1646 3811 repeterem,
1671 3721 1804 3790 resecui

230 3835 366 3933 aliquot
381 3836 631 3910 adnotationes
650 3863 671 3910 a
692 3864 750 3911 me
763 3855 866 3912 antea
886 3844 1034 3939 scriptas
1049 3843 1115 3939 (t),
1135 3845 1222 3940 quia
1238 3845 1372 3916 eaedem
1391 3872 1449 3918 res
1460 3873 1560 3920 nunc
1574 3849 1619 3921 ab
1634 3851 1805 3922 alterutro

230 3983 327 4041 recte
351 3969 534 4067 explicatae
559 3986 662 4060 sunt,
682 3988 716 4043 et
740 3973 776 4043 in
793 3997 916 4045 earum
936 3973 1058 4045 locum
1072 4001 1202 4073 paucas
1217 3978 1304 4050 alias
1328 3979 1598 4053 observationes
1615 3983 1804 4070 substitui,

228 4125 382 4196 quarum
400 4101 651 4174 addendarum
670 4103 779 4175 iidem
798 4106 955 4177 editores
980 4107 1067 4178 rnibi
1089 4110 1321 4181 occasionem
1343 4111 1567 4185 obtulerunt.
1582 4119 1669 4186 Nam
1688 4114 1802 4186 brevi-

230 4233 312 4306 tatis
339 4233 523 4305 studiosus
544 4234 715 4307 constitui
736 4237 829 4307 nihil
851 4262 1018 4324 monere,
1046 4241 1114 4311 nisi
1143 4240 1188 4312 de
1213 4267 1293 4313 meo
1316 4243 1486 4315 haberem
1514 4269 1594 4341 quae
1616 4245 1804 4318 observatu

232 4361 326 4436 baud
353 4390 500 4462 prorsus
534 4368 682 4464 indigna
711 4368 930 4443 viderentur.
963 4374 1074 4461 Quod
1102 4389 1142 4445 ut
1171 4401 1214 4446 eo
1244 4377 1369 4449 melius
1401 4377 1634 4474 perspiciatur
1660 4394 1695 4450 et
1723 4404 1805 4451 cum

268 4619 309 4698 (ι’)
329 4622 422 4681 Etiam
443 4625 546 4682 multas
559 4626 715 4700 lectiones,
730 4647 802 4706 quas
823 4649 857 4686 ex
879 4630 943 4687 erlrl.
961 4632 1112 4690 Cratanrlri
1130 4645 1160 4690 et
1178 4633 1265 4692 Brub.
1283 4647 1485 4707 enotaveram,
1504 4655 1603 4694 rursus
1616 4635 1725 4712 delevi,
1738 4641 1805 4718 quia

229 4725 373 4803 Zirglerus
385 4729 446 4806 jam
460 4731 643 4790 collationem
661 4731 725 4792 edd.
740 4738 850 4793 Canter.
866 4757 891 4796 a.
910 4737 984 4795 1530
998 4751 1027 4797 et
1044 4737 1132 4797 Brub.
1153 4741 1226 4808 1545
1245 4759 1310 4798 cum
1329 4740 1485 4800 lectoribus
1500 4746 1738 4814 communicavit,
1752 4751 1804 4810 etsi

229 4834 366 4892 nonnulla
382 4839 456 4894 scitu
470 4836 548 4895 baud
566 4837 685 4917 indigna
700 4844 893 4919 praetermisit.
911 4847 982 4902 Nam
1001 4843 1088 4904 editio
1102 4851 1178 4905 Crat.
1196 4847 1347 4904 maximam
1363 4860 1473 4924 partem
1494 4851 1637 4910 consentit
1657 4874 1721 4912 cum
1743 4854 1804 4914 cdi-

229 4939 309 4999 tiune
321 4939 487 5012 (lantrerarii,
497 4953 524 4998 et
535 4940 579 5001 ed.
591 4942 678 5002 Brub.
688 4963 714 5002 a.
729 4944 802 5002 1553
812 4945 848 5004 ab
857 4967 890 5004 ca
901 4967 965 5024 quae
977 4948 1085 5025 prodiit
1094 4969 1119 5008 a.
1135 4951 1219 5022 1545,
1228 4950 1372 5029 descripta
1384 4951 1421 5010 ab
1434 4957 1471 5013 A.
1481 4957 1608 5014 Jacobsio
1619 4979 1647 5036 p.
1659 4963 1803 5024 XXXVI}

227 5067 305 5125 sqq,
321 5046 392 5104 nibil
409 5044 522 5104 diversa
538 5061 590 5107 est.
605 5051 667 5128 Ego
687 5053 716 5108 in
731 5052 785 5110 bac
803 5073 835 5112 re
850 5067 881 5112 ut
895 5055 966 5114 alibi
980 5057 1151 5134 plerumque
1168 5077 1216 5115 eus
1232 5059 1431 5118 tantummodo
1452 5061 1668 5126 observationes
1686 5070 1803 5150 reliqui,

227 5155 255 5212 in
269 5153 377 5232 quibus
388 5153 475 5212 tacite
491 5155 536 5214 rel
550 5156 686 5234 supplere
699 5161 746 5218 rel
760 5161 903 5239 corrigere
918 5161 998 5219 volui
1008 5161 1045 5220 ab
1059 5163 1121 5220 aliis
1135 5162 1280 5224 adnotatu.
