3992 6078
97 401 1691 456 ooeeaoeeueoeottaeeeooeeeeeaaaueaeeeoooottooeeo0000000000aemtt

671 691 1106 817 PRAEFATIO.

129 1338 254 1412 Rogatus
268 1347 300 1393 ut
310 1332 450 1410 reliquias
462 1331 625 1390 carminum
640 1346 801 1406 graecorum
813 1343 875 1387 rem
920 1339 978 1390 tam
991 1328 1029 1390 iis
1039 1329 1223 1390 solummodo
1234 1329 1266 1390 in
1277 1329 1365 1404 locis,
1378 1329 1429 1389 ubi
1444 1329 1507 1390 sive
1528 1330 1607 1408 quod
1619 1330 1706 1388 aliam

84 1431 246 1489 naturalem
262 1428 308 1486 vel
321 1427 462 1486 medicam
484 1425 675 1506 spectantium
689 1423 866 1498 colligerem,
919 1425 1074 1489 lectionem
1081 1427 1295 1508 adoptaveram,
1309 1428 1372 1486 sive
1378 1428 1435 1486 alia
1444 1446 1617 1505 quacunque
1625 1427 1706 1485 deni.

83 1547 150 1584 eum
167 1515 263 1583 mente
289 1535 454 1601 reputarem
476 1539 609 1598 quaenam
626 1519 673 1577 bis
694 1518 876 1577 collectaneis
922 1540 979 1600 que
987 1522 1024 1581 de
1033 1542 1130 1596 causa,
1144 1523 1248 1582 Latina
1259 1522 1370 1582 Graecis
1381 1543 1439 1582 non
1446 1534 1579 1581 accurate
1588 1541 1707 1601 respon-

85 1624 262 1690 insererem,
277 1631 342 1677 ante
352 1617 451 1674 omnia
465 1634 528 1674 sese
538 1614 708 1674 obtulerunt
718 1613 877 1688 fragmenta
921 1616 992 1676 dere
1014 1619 1087 1676 mihi
1107 1618 1301 1692 videbantur3
1324 1618 1384 1676 duo
1408 1619 1591 1694 fragmentac
1607 1618 1704 1676 Schol.

83 1716 227 1774 carminis
237 1713 414 1772 Archestrati
424 1710 510 1769 Geloi
520 1710 568 1768 vel
580 1708 755 1787 Syracusani
766 1707 810 1766 De
824 1728 877 1784 op·
921 1711 985 1771 Nic.
1000 1713 1153 1793 desumpta
1162 1716 1226 1793 ipse
1240 1713 1343 1772 Latine
1354 1713 1475 1772 reddere
1490 1727 1611 1771 conatus
1631 1733 1706 1776 sum,

84 1812 197 1882 soniis,
214 1829 279 1887 quae
292 1807 380 1866 nobis
397 1805 697 1864 servavitAthenaeus.
710 1802 769 1862 lsta
783 1817 877 1862 autem
962 1809 1185 1870 Transeundum
1197 1810 1258 1889 jam
1281 1811 1317 1870 ad
1337 1811 1465 1883 ,γνωμῃ
1486 1810 1592 1869 horum
1606 1831 1708 1886 agmen

85 1910 248 1984 fragmenta
271 1918 355 1962 antea
374 1905 435 1980 jam
457 1903 615 1978 collegerat
637 1900 833 1958 Schneiderus
847 1901 878 1957 in
923 1904 1238 1984 ducitjusjurandum,
1257 1906 1337 1984 quod
1349 1905 1476 1983 benigne
1494 1925 1605 1964 mecum
1623 1913 1706 1964 coiu—

86 2006 185 2061 lronte
200 2000 368 2059 Aristotelis
382 1998 456 2058 tlist.
467 1997 566 2054 Anim.
581 1995 635 2074 (Τ.
647 1994 672 2066 l,
685 2017 714 2074 p.
723 2015 845 2053 οντων
855 1995 877 2070 i,
924 2002 1085 2060 municavit
1099 2006 1145 2060 vit·
1158 2002 1236 2062 doct.
1254 2002 1448 2078 Daremberg,
1463 2002 1514 2079 qui
1529 2001 1559 2061 id
1582 2001 1679 2060 llornae
1692 2023 1709 2058 e

84 2101 134 2160 sed
154 2102 325 2175 nescioquo
342 2097 428 2174 lapsu
443 2095 578 2172 quinque
591 2093 692 2152 onsisit
705 2093 783 2150 hand
798 2112 878 2171 sper·
923 2096 1708 2177 cod.Colonnaeexscripsitapographumquedeincum

85 2197 186 2256 nenda
203 2215 268 2273 quae
297 2194 421 2271 reliquis
442 2191 553 2249 addidi.
578 2189 665 2260 Quod
688 2209 760 2247 vero
782 2190 878 2267 ipsum
927 2192 1149 2256 Cod.Laurent.
1158 2196 1291 2255 contulit.
1300 2194 1603 2273 Hocexcipitinitium
1612 2199 1710 2254 carmi·

85 2294 306 2353 Archestratum
327 2291 445 2361 attinet,
468 2286 662 2346 Schneiderus
679 2285 720 2365 (l.
742 2286 762 2345 l.
778 2307 808 2362 p.
824 2307 877 2343 aru
926 2287 973 2347 nis
986 2287 1029 2346 Dc
1040 2289 1260 2348 medicamentis
1272 2288 1410 2348 letalibus
1419 2301 1538 2348 auctore
1550 2289 1710 2348 Heliodoro

85 2403 114 2448 et
126 2390 222 2464 mx)
238 2400 281 2445 sat
294 2385 443 2465 probavit,
457 2403 523 2442 eum
539 2382 704 2441 Aristotelis
725 2394 754 2439 et
774 2382 878 2440 Demo·
926 2382 1107 2462 Atheniensi,
1118 2385 1169 2462 qui
1177 2385 1274 2463 ipsum
1282 2397 1413 2444 nostrum
1418 2383 1626 2462 jusjurandum
1632 2405 1710 2443 com·

85 2485 201 2547 athenis
210 2486 299 2545 luisse
311 2482 463 2560 aequalem.
925 2479 1034 2557 pilasse
1045 2479 1176 2551 videtum
1188 2493 1255 2538 atas
1272 2493 1367 2538 autem
1378 2479 1425 2538 vel
1437 2480 1500 2557 pita
1512 2478 1601 2557 hujus
1614 2480 1711 2539 Helio·

124 2582 310 2644 Archestrati
330 2580 499 2655 fragmentis
513 2577 655 2656 subjunxi
671 2576 808 2636 Numenii
825 2577 879 2635 He·
926 2575 991 2636 doti
998 2577 1243 2654 planeincognita
1250 2589 1300 2635 est.
1308 2577 1380 2635 Post
1390 2576 1580 2635 Heliodorum
1591 2577 1712 2637 exhibui

86 2679 239 2741 racleotici
256 2696 321 2755 quae
335 2687 509 2753 supersunt3
535 2673 590 2732 luit
606 2684 700 2730 autem
720 2672 881 2732 Numenius
927 2674 1118 2750 fragmentum
1135 2673 1201 2731 Rufi
1215 2671 1334 2751 Ephesii
1349 2673 1455 2732 medici
1471 2672 1654 2738 celeberrimi
1669 2675 1712 2733 De

87 2778 95 2858 l
110 2775 217 2834 Athen.
232 2772 258 2844 l,
271 2791 302 2852 p.
317 2770 334 2829 ⁵
349 2790 367 2828 a
380 2769 388 2848 )
411 2770 540 2827 medicus
554 2768 694 2826 llieuchis
705 2767 880 2846 discipulus,
926 2768 1043 2846 ladano,
1056 2768 1140 2846 cujus
1153 2768 1315 2848 descriptis
1326 2780 1359 2826 ut
1371 2768 1548 2828 disseramus
1560 2789 1621 2827 non
1634 2770 1713 2828 vide·

87 2873 166 2931 unde
183 2870 323 2944 colligere
340 2866 427 2938 licet,
444 2885 510 2923 eum
528 2863 688 2923 Alexandri
703 2863 802 2939 Magni
820 2884 883 2923 suc·
926 2865 1713 2939 turhiccelocusmaximeidoneus;vixitautem,teste

87 2964 258 3026 sessoribus
284 2974 361 3020 certe
387 2980 447 3018 non
474 2960 563 3018 fuisse
592 2959 781 3030 inferiorem,
813 2961 883 3037 quia
927 2963 1019 3023 Suida
1033 2964 1084 3041 (in
1098 2964 1206 3041 voce),
1222 2961 1353 3040 Trajano
1366 2975 1514 3040 regnante.
1528 2963 1637 3022 Seriem
1654 2964 1712 3022 fra-

87 3082 197 3142 nempe
217 3061 281 3138 ipse
302 3057 444 3116 Dieuches
462 3055 610 3134 (Galenus
633 3055 746 3116 Comm.
768 3057 799 3112 in
814 3055 883 3134 tttp
927 3071 1110 3134 gmentoruru
1120 3059 1288 3117 hexametro
1297 3059 1630 3136 metroccnscriptorum
1640 3060 1714 3117 clau·

88 3182 170 3240 pocr.
188 3160 231 3216 De
246 3169 303 3215 nat.
322 3155 402 3213 bom.
419 3153 455 3214 T.
467 3152 503 3225 V,
524 3174 552 3231 p.
572 3153 619 3225 23,
639 3153 685 3213 ed.
706 3153 772 3212 Bas.
784 3152 793 3229 l
805 3153 882 3211 inter
927 3156 971 3213 dit
981 3153 1225 3230 Theriacaigaoti
1233 3151 1509 3214 auctoriseGalenc
1517 3152 1679 3233 desumpta.

88 3255 222 3316 medicos
235 3249 414 3330 Herophilo,
431 3249 484 3326 qui
504 3248 655 3306 Ptolemaei
676 3246 746 3322 Lagi
763 3249 883 3325 aequalis
967 3250 1048 3308 inter
1058 3249 1165 3326 elegias
1173 3249 1405 3328 primumlocum
1418 3250 1594 3323 tenerejussi
1605 3249 1714 3310 descri-

92 3356 166 3425 luit,
185 3349 367 3433 antiquiores
383 3358 560 3406 recensetur.
586 3345 710 3422 Scripsit
724 3343 883 3403 Numenius
928 3346 1058 3424 ptionem
1077 3339 1283 3403 medicamenti
1299 3344 1453 3403 aPhilone
1470 3343 1607 3402 Tarsensi
1623 3345 1714 3404 ψιλω·

96 3444 337 3528 ι·11ερὶδιίπνων,
354 3463 392 3501 an
401 3440 539 3500 versibus
547 3442 592 3498 vel
601 3440 727 3518 pedestri
738 3442 881 3514 oratione,
928 3439 995 3499 selca
1016 3440 1106 3511 dicti,
1121 3439 1158 3497 de
1180 3459 1239 3518 quo
1262 3439 1326 3518 ipse
1343 3436 1469 3498 Galenus
1490 3439 1567 3519 (sec.
1581 3441 1637 3498 loc.
1656 3440 1712 3514 lx3

92 3536 713 3618 nonconstat,quiaintegrumopusperiit;
725 3539 754 3592 2⁰
766 3556 883 3594 carmen
928 3541 961 3596 T.
974 3536 1019 3608 ll,
1033 3558 1064 3615 p.
1080 3537 1155 3615 297)
1171 3535 1264 3617 πρώτη
1279 3535 1327 3613 μὲν
1344 3528 1400 3609 οὗν,
1413 3537 1526 3614 inquit,
1541 3538 1626 3594 αὐτῶν
1643 3538 1712 3614 (τῶν

95 3643 136 3698 De
149 3639 268 3718 piscatu
284 3634 409 3711 (Athen.
420 3632 447 3704 1,
462 3653 492 3710 p.
512 3633 545 3688 13
560 3630 611 3707 b),
628 3630 712 3708 cujus
725 3631 884 3706 lragmcuta
930 3632 1068 3700 ἀνωδύνων
1080 3633 1167 3692 τεκαὶ
1183 3635 1303 3694 κωλικῶν
1317 3632 1516 3710 ὀνομαζομένων
1526 3633 1673 3714 φαρμάκων
1688 3637 1711 3713 l,

91 3737 127 3793 ab
142 3732 286 3792 Athenaeo
297 3729 384 3787 nobis
396 3741 511 3787 servata
527 3726 726 3785 exhibuimus.
740 3729 769 3782 3⁰
780 3728 883 3804 Θηρια-
928 3733 963 3796 ὡς
973 3728 1068 3807 ἔοικεν,
1080 3731 1108 3788 ἐν
1121 3729 1270 3796 scienciis:
1284 3727 1387 3809 χρόνοις
1398 3735 1415 3802 ἠ
1428 3733 1473 3788 τοῦ
1485 3728 1606 3796 &Neruae
1616 3729 1715 3798 ἔνδοξος

90 3831 147 3903 κόν,
160 3827 248 3905 cujus
257 3826 316 3886 tria
328 3825 489 3900 fragmenta
498 3835 612 3882 exstant
620 3823 698 3901 apud
708 3822 805 3880 Schol.
818 3821 881 3883 Nic.
929 3825 1042 3903 ἐγένετο.
1067 3823 1233 3884 Notandum
1245 3838 1351 3898 autem,
1367 3824 1510 3884 Galerium
1530 3844 1597 3883 raro
1613 3825 1713 3884 admo-

91 3927 115 3982 Τ
117 3927 194 3995 ben,
205 3922 285 3981 inira
294 3941 311 3978 a
320 3917 595 3990 nobisexhibenda,
607 3916 745 3995 quodque
755 3936 882 3990 carmen,
929 3924 998 3980 dum
1009 3920 1150 3978 adhibere
1165 3919 1255 3979 verba
1265 3920 1405 3979 adiatvel
1417 3917 1528 3986 παλαιός
1536 3920 1572 3978 de
1580 3923 1716 3999 tempori·

91 4023 197 4082 eodem
208 4019 371 4078 Scholiasta
384 4028 521 4088 testante,
532 4015 662 4073 imitatus
674 4012 881 4074 estNicander.
927 4022 984 4078 bus
996 4018 1163 4076 Alexandro
1179 4017 1287 4094 Magno
1302 4019 1393 4076 multo
1412 4017 1616 4079 inferioribus.
1640 4017 1715 4078 lluie

131 4119 311 4180 Numenium
325 4117 457 4193 sequitur
467 4115 622 4173 Pancrates
632 4113 722 4171 Arcas
732 4113 796 4189 qui,
812 4124 883 4170 teste
929 4114 1051 4173 carmini
1059 4113 1293 4173 addendumesse
1301 4114 1402 4192 putavi
1410 4113 1649 4172 commentarium
1657 4115 1715 4173 Ga·

92 4218 197 4276 eodem
209 4215 349 4272 Athenaeo
359 4213 398 4288 ll.
410 4213 431 4269 l.
441 4213 462 4288 ),
473 4210 574 4269 itidem
582 4229 698 4267 carmen
709 4209 883 4285 conscripsit
929 4209 1001 4286 leni,
1014 4210 1126 4288 quippe
1139 4208 1219 4286 quod
1231 4227 1326 4286 perse
1339 4209 1390 4266 vix
1403 4209 1528 4284 intelligi
1543 4209 1616 4286 quit.

96 4315 184 4370 llere
198 4311 378 4390 piscatoria,
395 4306 432 4365 de
451 4304 536 4382 cujus
557 4317 640 4363 aetatc
654 4316 749 4362 tamen
762 4304 808 4361 vel
824 4304 883 4361 vita
968 4305 1107 4382 Sequitur
1117 4323 1247 4376 carmen,
1261 4305 1340 4381 quod
1350 4303 1436 4362 nobis
1446 4303 1583 4362 traditum
1596 4318 1638 4362 est
1648 4326 1713 4363 cum

95 4410 182 4487 plane
197 4404 274 4464 nibil
288 4417 409 4462 constat.
422 4401 594 4478 Fragmenta
606 4412 700 4459 autem
720 4399 776 4457 huc
791 4419 884 4476 usque
930 4403 1126 4487 inscriptione
1146 4398 1274 4480 Θηριακὴ
1297 4399 1430 4478 Ἀντιόχου
1459 4403 1505 4457 τοῦ
1531 4399 1716 4480 Φιλομήτορος

96 4516 257 4561 memorata
279 4513 366 4577 atque
386 4499 541 4557 maximam
557 4510 667 4576 partem
692 4515 728 4553 ex
747 4495 883 4554 Athenaeo
929 4495 993 4575 παρ’
1004 4493 1132 4572 Εὐδήμοο
1144 4494 1282 4574 ἐμμέτρως
1301 4493 1535 4572 ἀνογεγρομμένη.
1551 4495 1649 4564 Quaeri
1661 4517 1715 4575 po·

96 4601 263 4678 desumpta,
279 4597 413 4656 codicum
425 4596 555 4654 nondum
567 4612 756 4653 excussorum
767 4611 823 4670 ope
838 4594 885 4650 de-
930 4605 997 4664 test,
1007 4610 1093 4668 quem
1106 4611 1222 4649 sensum
1233 4590 1302 4648 huic
1312 4590 1398 4648 titulo
1406 4588 1535 4648 tribuere
1542 4589 1714 4666 'debeamus

96 4699 232 4767 stitutus,
256 4693 377 4752 exhibui
399 4693 498 4771 qualia
518 4692 549 4750 in
572 4691 778 4749 recentissimis
797 4689 884 4766 hujus
931 4707 967 4745 an
989 4686 1151 4744 Antiochus
1177 4686 1418 4744 medicamentum
1444 4685 1607 4756 invenerit,
1631 4686 1716 4763 cujus

97 4793 228 4852 auctoris
240 4789 420 4848 editionibus
432 4789 579 4864 leguntur,
595 4787 737 4865 adoptatis
752 4785 883 4842 virorum
931 4783 1141 4840 conlectionem
1151 4780 1220 4839 dein
1231 4781 1378 4839 memorias
1392 4779 1545 4838 tradiderit
1557 4780 1714 4855 Eudemus,

96 4889 252 4945 doctorum
272 4883 449 4961 conjecturis
475 4903 539 4961 quae
562 4883 634 4940 mihi
652 4879 809 4960 probandae
823 4899 885 4938 esse
931 4899 968 4937 an
982 4897 1054 4936 vero
1079 4875 1241 4934 Antiochus
1257 4895 1326 4934 usus
1339 4877 1377 4934 sit
1399 4876 1621 4948 medicamento,
1636 4878 1715 4955 quod

98 4983 293 5051 ridebantur,
305 4980 447 5038 nonnulla
459 4995 554 5039 tamen
569 4980 633 5037 loca
654 4978 730 5036 loede
747 4990 885 5055 corrupta
931 4974 1002 5031 olim
1022 4975 1175 5030 invenerat
1190 4971 1344 5032 Eudemus.
1366 4969 1478 5041 Quodsi
1505 4972 1579 5029 hanc
1597 4971 1714 5050 adopta·

99 5082 207 5138 intarta
221 5077 388 5153 relinquere
399 5089 514 5133 coactus
527 5095 600 5133 sum.
620 5073 727 5131 Addidi
742 5075 884 5150 interpre=
932 5087 996 5126 mus
1017 5067 1305 5146 interpretationem,
1326 5065 1488 5138 Eudemus,
1514 5067 1713 5125 medicamenti

100 5179 239 5235 tationem
259 5174 617 5249 Scluveiglraeuserianam,
634 5171 738 5229 leviter
752 5171 883 5228 immuta·
932 5178 1033 5227 auctor
1045 5166 1120 5224 idem
1134 5184 1196 5224 esse
1214 5165 1323 5244 poterit
1337 5183 1370 5222 ac
1383 5163 1547 5238 Eudemus,
1563 5164 1714 5242 lleropbili

898 5297 924 5336 7³
