4066 6038
627 451 787 514 OPPIANI
807 451 857 510 DE
877 449 1108 511 PlSCATIONE
1128 450 1203 510 Lis.
1226 451 1265 510 11.

190 597 322 679 βέλτερον,
337 593 388 654 είτε
401 593 449 652 τιν’
463 591 543 652 ἀλλον
560 591 621 659 ἀλὸς
634 591 691 650 θεὸν
703 594 838 673 ἷθυντῆρα.

189 685 259 744 Ἀλλ’
269 687 292 743 σί
303 681 351 762 μέν
362 680 435 760 μάλα
444 679 550 752 πάντες,
559 678 616 740 δσοι
624 681 648 738 τ’
660 678 807 757 Οὔλυμπον
817 678 920 759 έχουσι,

188 770 328 851 δαίμονες,
338 769 365 830 oi
376 793 405 830 τε
417 769 562 842 θάλασσαν,
576 767 632 828 δσοι
643 770 667 829 τ’
680 767 792 852 ἕύδωρσν
806 766 920 849 ἄρουραν

144 889 171 924 ιιι
190 861 257 944 ἠέρα
270 863 294 918 τ’
309 858 454 932 ἐνναίουσι,
468 857 597 918 πανίλασν
611 849 675 940 ἦτορ
689 856 774 938 ἔχοιεν

190 950 232 1011 σοί
241 974 285 1024 τε,
295 949 385 1029 μάκαρ
400 952 569 1027 σκηπτοῦχε,
584 946 631 1006 καὶ
641 947 801 1025 ἀγλαόπαιδι
813 945 921 1025 γενέθλη

189 1038 235 1099 καί
248 1039 322 1105 λαοῖς
335 1034 457 1114 σύμπασι
470 1033 517 1094 καί
533 1034 693 1117 ἡμετέρῃσιν
708 1038 819 1104 ἀοιδαῖς.

230 1124 331 1207 ’ἰχθύσι
343 1128 365 1184 δ’
378 1124 438 1185 οὔτε
451 1124 510 1196 δίκη
526 1124 697 1205 μεταρίθμιος
711 1123 770 1183 οὔτε
782 1147 821 1192 τις
835 1121 922 1196 αἰδώς,

191 1217 221 1275 οὐ
236 1207 354 1296 φιλότης·
365 1211 462 1280 πάντες
478 1210 531 1294 γδιρ
545 1211 665 1294 ἀνάρσιοι
679 1211 818 1284 ἀλλήλοισι

146 1327 173 1366 ιε
194 1301 334 1381 δυσμενέες
347 1299 489 1360 πλώουσιν·
505 1303 520 1359 θ
537 1299 565 1360 δέ
579 1299 772 1383 κρατερώτερος
785 1300 837 1360 αἰεί

193 1391 292 1452 δαίνυτ’
309 1389 516 1476 ἀφαυροτέρους,
529 1391 602 1472 ἀλλῳ
616 1392 639 1450 δ’
655 1391 810 1470 ἐπινήχεται
824 1389 902 1457 ἀλλος

193 1481 297 1561 πότμον
313 1481 396 1561 ἄγων,
412 1479 497 1562 ἔτερος
511 1482 534 1540 δ’
549 1480 630 1563 ἑτέρῳ
643 1479 770 1560 πόρσυνεν
785 1477 893 1550 ἐδωδήν.

192 1575 228 1632 0t
243 1569 292 1649 μέν
305 1569 356 1651 γάρ
370 1570 490 1650 γενύεσσι
504 1568 550 1629 καί
563 1566 658 1650 ἠνορέη
675 1566 799 1648 βιόωνται

191 1657 365 1741 χειροτέρσος·
374 1663 428 1726 τοῖς
438 1660 462 1717 δ’
472 1657 511 1717 tls
521 1655 577 1738 ἔχει
590 1655 685 1734 στόμα·
696 1663 765 1717 τοῖσι
776 1656 799 1714 δ’
812 1653 926 1714 ἄκανθαι

147 1771 175 1810 so
194 1747 318 1828 τύμματι
331 1745 510 1824 λευγαλέοισιν
520 1741 684 1825 ἀμυνέμεναι
698 1742 827 1825 πεφύασι,

197 1835 294 1919 πικραί
306 1837 330 1895 τ’
345 1834 427 1904 δξιῖαί
438 1858 467 1894 τε
481 1833 563 1915 χόλου
575 1832 714 1915 πυρόεντος
728 1831 841 1891 ἀκωκαί.

193 1923 308 1992 'oraora
319 1925 343 1984 δ’
357 1921 416 1983 οὔτε
432 1921 491 2003 βίην
505 1921 561 1990 θεὸς
575 1920 692 1994 ὤπασεν,
706 1921 765 1980 οὔτε
779 1944 805 1980 τι
817 1917 925 2001 κέντρον

196 2015 305 2093 θήγεται
319 2015 349 2072 έκ
364 2011 473 2091 μελέων,
486 2011 569 2076 ταῖτδ
584 2013 615 2070 ἐκ
625 2009 716 2092 φρενὸς
730 2008 810 2068 ὅπλον
825 2007 905 2090 ἔφυσε

196 2101 294 2182 βουλήν
303 2099 457 2183 κερδαλέην,
468 2098 670 2179 πολυμήχανον,
682 2096 736 2158 οἵτε
749 2095 847 2157 δολοισι

150 2213 178 2252 ss
198 2189 313 2250 πολλάκι
324 2189 370 2248 καί
381 2187 507 2272 κρατερὸν
518 2188 563 2247 καί
572 2186 716 2269 ὑπέρτερον
726 2185 829 2246 ὤλεσαν
840 2184 926 2266 ἰχθύν.

235 2271 300 2341 Oios
314 2278 361 2338 καί
374 2277 459 2358 νάρκῃ
472 2275 623 2358 τερενόχροϊ
636 2275 776 2358 φάρμακον
785 2278 872 2348 ’ἀλκῆς

197 2367 306 2429 ἕσπεται
319 2365 505 2427 αὐτοδίδακτον
518 2369 546 2425 ἐν
560 2363 678 2426 οἰκείοισι
693 2365 827 2442 μέλεσσιν.

199 2455 233 2520 Ἡ
249 2456 297 2536 μέν
308 2454 361 2538 γάρ
373 2454 482 2535 μαλακή
497 2479 526 2514 τε
540 2454 621 2534 δέμας
635 2453 683 2514 καί
693 2453 757 2512 πᾶσ’
773 2451 905 2530 ἀμενηνὴ,

198 2545 283 2619 νωθής
293 2569 321 2605 τε
338 2547 485 2628 βραδυτῆτι
501 2542 657 2626 βαρύνεται,
671 2541 733 2603 οὐδέ
746 2565 776 2601 κε
790 2540 869 2625 φαίης

156 2657 184 2696 su
206 2633 357 2715 νηχομένην
370 2633 467 2714 θράαν·
480 2631 554 2712 μάλα
568 2631 621 2713 γάρ
633 2629 788 2714 δύσφραστα
803 2628 913 2690 κέλευθα

200 2726 309 2784 εἰλεῖται
321 2724 425 2784 πολιοῖο
436 2722 469 2780 δι’
483 2719 577 2788 ύδατος
589 2720 753 2803 ἑρπύζουσα·

197 2811 267 2871 ἀλλά
278 2815 302 2872 ot
316 2814 343 2870 έν
360 2809 515 2889 λαγόνεσσιν
527 2808 669 2881 ἀναλκείης
682 2807 755 2874 δολος
768 2805 850 2878 ἀλκή·

198 2899 314 2983 κερκίδες
327 2895 478 2981 ἐμπεφύασι
491 2895 566 2980 παρὰ
576 2897 702 2978 πλευραῖς
713 2895 851 2975 ἑκάτερθεν

194 2989 356 3072 ἀμφίδυμοι·
368 2991 420 3048 τῶν
432 2985 458 3046 εἰ
470 3010 510 3054 τις
521 2983 676 3068 ἐπιψαύσειε
690 2983 851 3075 πελάσσας,

159 3100 187 3138 us
202 3077 298 3137 αὐτίκα
312 3081 336 3138 oi
348 3074 449 3156 μιλίων
462 3075 550 3142 σθένος
564 3074 683 3147 έσῦεσεν,
696 3077 722 3134 ἐν
737 3071 766 3131 δέ
780 3074 805 3132 οἱ
821 3075 888 3149 αἱμα

198 3165 345 3244 πήγνυται,
355 3163 409 3224 οὐδ’
419 3163 458 3224 έτι
466 3171 529 3242 γυῖα
539 3161 625 3244 φέρειν
638 3161 735 3235 δύνατ’,
747 3159 817 3219 ἀλλά
828 3163 852 3218 οἱ
863 3156 932 3229 ἀλκὴ

198 3245 258 3314 ώκα
271 3279 309 3332 μοι
328 3252 475 3332 αινομένοιο
488 3251 613 3332 παρίεται
627 3250 720 3332 άφρονι
731 3247 825 3330 νάρκη.

201 3341 236 3403 Ἡ
251 3342 275 3401 δ’
288 3277 326 3401 τά
331 3341 497 3422 γινώσκοντα
509 3345 568 3400 θεοῦ
580 3339 661 3421 γίρας
672 3328 725 3396 οἷον
739 3335 843 3410 ἔδεκτο,

202 3431 296 3491 ύπτεον
311 3431 460 3512 ἀγκλίνασα
475 3427 549 3510 μένει
563 3425 646 3508 δέμας
658 3427 686 3488 ίν
697 3427 860 3510 ψαμάθοισι·

164 3544 194 3586 το
210 3519 297 3582 κτίται
311 3519 335 3580 δ’
347 3519 484 3604 ἀστεμφής
496 3520 540 3593 οἰη
554 3519 640 3586 νέκυς·
654 3516 682 3585 θς
696 3515 725 3576 δέ
736 3539 780 3575 κεν
792 3512 865 3596 ἰχθῦς

202 3609 339 3691 ἀγχρίαιίνγ
348 3607 536 3687 λαγόνεσσιν,δ
546 3606 595 3686 μέν
602 3605 675 3679 λύτο,
683 3602 803 3663 κάππεσε
812 3604 836 3660 δ’
849 3599 934 3666 αύτως

203 3699 328 3780 ἀδρανίης
342 3696 424 3779 βαθὺν
437 3696 526 3770 ῦπνον,
541 3693 709 3776 ἀμηχανίῃσι
719 3691 853 3765 πεδηθείς·

203 3793 220 3861 ἡ
237 3787 265 3848 δέ
276 3791 341 3855 θοῶς
355 3785 481 3868 ἀνόρουσε
492 3785 536 3846 καί
552 3788 581 3844 ού
598 3781 715 3865 κραιπνή
729 3805 780 3863 περ
793 3783 885 3852 ἐοῦσα,

200 3875 350 3956 γηθοσύνη,
362 3875 428 3945 ζωὸν
443 3875 471 3934 δὲ
485 3873 617 3933 κατεσθίει
625 3863 675 3932 ’ίσα
688 3871 801 3933 θανόντι.

147 3987 176 4029 ts
198 3964 323 4026 Πολλάκι
335 3964 381 4023 καί
394 3962 465 4025 κατὰ
476 3964 578 4041 λαῖτμα
593 3964 650 4040 μετ’
666 3957 769 4042 ἰχθύσιν
785 3955 933 4018 ἀντιάσασα

200 4053 370 4136 νηχομένοις,
385 4050 515 4134 κραιπνὴν
532 4050 579 4130 μὲν
594 4049 769 4129 ἐπειγομένων
782 4047 875 4107 σόέσεν
890 4049 934 4126 δρ-

200 4142 277 4222 έγγθς
288 4138 473 4223 έπιψαύαασα,
486 4141 532 4200 καὶ
546 4139 704 4219 ἐσσυμένους
717 4137 858 4209 ἐπέδησαν·
869 4132 934 4212 [μὴν

204 4231 284 4292 ἔσταν
299 4233 323 4290 δ’
341 4229 451 4290 αὖαλέοι
464 4229 511 4289 καί
524 4229 677 4311 ἀμήχανοι,
689 4227 749 4288 ούτε
761 4224 891 4286 κελεύθων

202 4321 328 4402 δύσμοροι
341 4319 401 4380 οὔτε
413 4324 496 4402 φυγῆς
508 4317 717 4399 μεμνημένοι·ή
732 4313 761 4376 δέ
774 4313 888 4393 μένουσα

151 4435 178 4473 su
198 4411 272 4470 οὐδὲν
285 4409 463 4489 ἀμυνομένους
477 4407 670 4468 καταδαίνυται
681 4404 739 4466 οὐδ’
753 4401 866 4471 ἀΐοντας.

201 4490 266 4561 otoo
282 4501 305 4558 δ’
317 4497 478 4580 όρφναίοισιν
494 4500 521 4556 ἐν
536 4493 681 4556 εἰδώλοισιν
696 4492 803 4575 ὀνείρων

202 4587 295 4669 ἀνδρὸς
308 4585 479 4664 ἀτυζομένοιο
491 4585 537 4644 καί
550 4582 664 4662 ἱεμένοιο
676 4580 803 4664 φίθεσθαι

197 4673 310 4755 τρώσκει
325 4674 373 4754 μέν
386 4673 497 4758 κραδίη,
510 4671 545 4732 τά
557 4671 585 4732 δέ
597 4671 713 4751 γούνατα
729 4669 906 4749 παλλομένοιο

203 4765 340 4845 ἀστεμφής
355 4763 402 4822 dre
417 4760 513 4839 δεσμὸς
528 4760 707 4840 ἐπειγομένοιο
721 4757 841 4841 βαρύνει·

155 4877 181 4914 ss
202 4852 275 4927 τοίην
288 4851 430 4934 γυιοπέδην
444 4851 599 4931 τεχνάζεται
613 4848 702 4931 ἰχθύσι
714 4849 809 4931 νάρκη.

225 4943 364 5022 Βάτραχος
375 4931 410 4999 αύ
420 4939 504 5012 νωθὴς
514 4937 562 5017 μὲν
572 4942 643 5017 ὁμῶς
652 4939 700 4998 καί
709 4936 844 5018 μαλθακὸς
852 4938 935 5016 ἰχθῦς,

204 5029 338 5111 αἴσχιστος
349 5031 371 5087 δ’
384 5028 470 5088 ἰδέειν·
483 5027 569 5106 στόμα
584 5028 607 5087 δ’
621 5025 721 5106 οἷγεται
735 5023 795 5108 εὐρύ
810 5023 936 5104 μάλιστα·

206 5121 266 5178 ἀλλ’
282 5119 335 5200 ἀρα
349 5116 444 5200 καὶτῷ
461 5121 538 5195 μῆτις
550 5115 678 5198 ἀνεύρατο
691 5116 800 5198 γαστέρι
811 5113 922 5198 φορύήν.

206 5208 291 5277 tiri<
307 5205 357 5287 μέν
375 5207 472 5279 πηλοῖο
485 5209 546 5266 κατ’
561 5204 702 5287 εὖρώεντος
714 5203 831 5272 ἐλυσθείς

158 5319 186 5358 νυ
205 5297 326 5358 κέκλιται
341 5295 486 5378 ἀτρεμέων,
501 5294 593 5376 ὀλίγην
605 5297 629 5354 δ’
644 5291 695 5352 ἀνά
709 5291 797 5374 σάρκα
812 5291 937 5369 τιταίνει,

1709 458 1747 542 ἀί

965 600 1052 650 melius
1063 603 1115 662 est,
1125 599 1178 650 sive
1189 612 1261 663 quem
1273 597 1348 648 aium
1359 597 1433 646 deum
1445 597 1518 647 maris
1529 598 1720 660 gubernatorem.

965 688 1011 739 sed
1024 689 1057 738 illi
1067 687 1166 751 quidem
1175 687 1307 738 admodum
1318 699 1417 748 omues,
1428 688 1453 736 et
1462 687 1504 750 qui
1516 686 1648 751 olympum
1656 688 1757 750 babent,

965 777 1012 838 dii,
1024 780 1050 828 et
1059 778 1101 840 qui
1113 777 1213 828 marcet
1226 776 1268 840 qui
1279 775 1402 826 liberalem
1415 775 1529 826 tellurem

966 879 1093 929 aeremque
1103 865 1224 926 incolunt,
1235 864 1367 928 propitium
1379 863 1488 915 animum
1500 865 1617 927 habeant,

966 955 1070 1017 tibique,
1080 954 1179 1004 o-beate
1189 954 1321 1016 sceptrifer,
1331 955 1357 1003 et
1365 953 1455 1005 illustri
1464 954 1544 1004 soboli

966 1045 991 1094 ot
1000 1044 1096 1108 populis
1107 1044 1220 1093 omuibus
1230 1049 1255 1093 et
1265 1045 1354 1095 nostris
1365 1045 1523 1096 carminibus.

997 1132 1108 1182 Piscibus
1121 1136 1203 1182 autem
1215 1145 1293 1196 neque
1303 1132 1397 1195 justitia
1411 1133 1615 1197 attribui-potest,
1632 1148 1711 1199 neque
1724 1135 1757 1186 ul·

967 1221 1007 1270 lus
1019 1219 1117 1285 puden]
1127 1235 1175 1270 non
1183 1221 1303 1284 amictum
1314 1235 1399 1272 omnes
1410 1222 1476 1273 enlm
1487 1221 1568 1273 infesti
1582 1222 1743 1276 sibi-invicem

968 1310 1050 1361 bostes
1060 1313 1158 1372 nstrum
1169 1311 1294 1362 robustior
1304 1323 1365 1362 roro
1375 1325 1472 1376 sempor

968 1401 1037 1448 rorat
1047 1399 1229 1461 imbecilliores,
1242 1399 1282 1450 alil
1291 1413 1350 1451 vero
1360 1401 1535 1452 ebriam-natat
1545 1401 1608 1452 atius

969 1489 1072 1538 mortem
1083 1487 1196 1550 atterens,
1206 1489 1316 1553 alterque
1326 1488 1394 1540 altori
1405 1489 1500 1554 praebet
1508 1503 1597 1542 eseam

969 1575 1030 1626 Nam
1042 1576 1084 1626 alil
1093 1577 1191 1640 quidem
1204 1578 1309 1628 maxillis
1320 1585 1345 1629 et
1353 1578 1440 1630 robora
1451 1579 1607 1630 vim-iaciunt

969 1663 1140 1727 debilioribus,
1148 1666 1200 1716 aliis
1210 1678 1268 1717 raro
1275 1680 1395 1718 venenum
1404 1667 1479 1719 babet
1487 1681 1528 1724 os,
1539 1668 1661 1719 aliisvoro
1670 1668 1762 1734 spinos,

970 1753 1098 1804 abietibus
1108 1755 1236 1805 mortiferis
1247 1755 1466 1819 ntae-delendam,
1477 1761 1621 1820 natmsunt,

972 1843 1097 1908 amarique
1106 1843 1219 1908 acutique
1230 1845 1272 1895 irae
1281 1845 1357 1908 igneae
1370 1859 1506 1896 mucrones.

971 1932 1066 1993 Quibus
1073 1937 1153 1982 autem
1162 1935 1294 1997 noquerim
1302 1933 1362 1984 deus
1372 1934 1557 1998 tribuit,neqne
1566 1935 1653 2000 aliquis
1661 1937 1761 1990 αοιιίσττ

972 2021 1066 2072 aeuitur
1077 2034 1107 2072 ex
1119 2021 1249 2084 membris,
1263 2022 1301 2075 lais
1313 2035 1343 2074 ex
1353 2022 1433 2072 animo
1443 2036 1510 2073 arma
1521 2023 1611 2075 insevit

972 2109 1072 2159 iusidias
1084 2109 1195 2174 callidas,
1205 2115 1332 2172 versutas,
1343 2110 1428 2175 illique
1439 2109 1501 2162 dolis

974 2211 1038 2262 saepe
1049 2198 1120 2248 etiarn
1135 2198 1258 2249 fortiorem
1268 2203 1293 2249 et
1305 2199 1447 2251 validiorem
1460 2200 1584 2263 perimunt
1595 2202 1694 2266 piscem,
1758 2240 1762 2250 .

1005 2286 1081 2346 Quale
1090 2286 1163 2336 etiam
1173 2285 1293 2350 torpedini
1303 2286 1416 2338 rotundas
1427 2287 1562 2338 remedium
1573 2289 1667 2340 roboris

974 2374 1103 2425 comitatur
1115 2375 1225 2426 nativum
1237 2375 1263 2425 lu
1276 2376 1380 2439 propriis
1392 2377 1516 2428 membris.

975 2463 1019 2513 illa
1028 2465 1091 2514 euim
1102 2465 1230 2528 mollisque
1240 2467 1278 2515 cst
1289 2479 1390 2529 corpore
1400 2471 1424 2517 et
1436 2471 1487 2516 tota
1498 2466 1615 2528 imbellis,

974 2552 1089 2616 pigraque
1100 2553 1214 2604 tarditate
1223 2557 1352 2616 gravatur,
1364 2569 1443 2618 neque
1454 2555 1545 2606 diceres

975 2643 1098 2692 natantem
1110 2643 1187 2692 ittam
1200 2643 1330 2704 te·ridere;
1340 2644 1410 2695 valde
1419 2643 1484 2694 enim
1495 2643 1612 2698 obscuras
1622 2647 1728 2712 per-uias

976 2730 1090 2793 volvitur,
1103 2743 1186 2780 canam
1199 2745 1243 2796 per
1252 2745 1339 2796 aquam
1351 2746 1466 2797 serpens3

976 2829 1061 2868 verum
1073 2818 1118 2882 ipsi
1129 2820 1155 2868 in
1166 2819 1257 2870 lumbis
1268 2821 1440 2873 imbecillitatis
1450 2821 1522 2876 dolus
1533 2829 1574 2877 est
1585 2825 1737 2888 subsidium,

976 2906 1037 2957 radii
1046 2907 1268 2970 innati-suntjurta
1276 2909 1351 2960 latera
1360 2910 1475 2978 utrinque

976 2995 1079 3059 gemlni;
1092 2999 1186 3060 quossi
1199 2999 1255 3062 quis
1265 2999 1369 3065 attingat
1380 3003 1512 3065 amedeus,

977 3086 1059 3135 statim
1072 3085 1116 3149 ipsi
1130 3088 1295 3140 membrorum
1305 3092 1380 3141 robur
1392 3093 1551 3155 extinguitur,
1563 3093 1636 3155 eique
1647 3092 1744 3153 mugitis

976 3173 1134 3238 congelascit,
1142 3188 1220 3241 mque
1232 3179 1337 3242 amplius
1350 3180 1458 3229 membra
1469 3179 1531 3230 terre
1540 3184 1633 3244 potest,
1641 3179 1682 3230 sed
1693 3179 1770 3244 ipsius

981 3259 1064 3322 robur]
1075 3265 1156 3314 statim
1172 3266 1316 3318 tabescentis
1328 3267 1499 3318 transmittitur
1510 3268 1605 3318 stolidae
1616 3268 1746 3332 torpedinl.

977 3352 1022 3402 llla
1031 3365 1090 3403 voro
1101 3367 1187 3415 gnara,
1199 3355 1269 3405 adeo
1278 3355 1350 3418 quale
1362 3370 1452 3406 munus
1461 3357 1594 3420 acceperit,

978 3441 1092 3504 supinum
1104 3441 1222 3491 reclinans
1234 3448 1315 3493 manet
1326 3456 1415 3507 corpus
1424 3444 1449 3493 in
1461 3445 1555 3507 arenis,

976 3529 1041 3592 jacet
1052 3529 1134 3578 autern
1145 3529 1246 3578 immota
1257 3530 1327 3592 quasi
1338 3535 1448 3593 mortua,
1461 3530 1572 3594 pobonis
1582 3534 1664 3581 autem
1675 3529 1747 3592 piscis

977 3616 1089 3666 inciderit
1096 3616 1234 3678 inlumbos,
1242 3617 1388 3682 illequidam
1396 3618 1531 3680 resolvitur,
1542 3618 1771 3682 inciditquatemere

978 3704 1149 3755 imbecillitatis
1158 3705 1339 3769 inprotuudum
1351 3720 1480 3769 somnum,
1492 3707 1636 3771 impotentia
1647 3707 1750 3770 ligatum

979 3794 1030 3856 ipsa
1039 3806 1098 3844 vero
1110 3793 1218 3844 celeriter
1228 3794 1308 3856 exilit,
1320 3795 1415 3845 etiamsi
1428 3810 1476 3846 uon
1489 3796 1521 3846 sit
1529 3796 1602 3846 velox
1609 3832 1617 3858 ,

979 3881 1047 3944 truta,
1058 3882 1191 3946 rivumque
1202 3882 1303 3933 devorat
1314 3886 1430 3948 tanquam
1442 3887 1574 3936 mortuum.

978 3974 1047 4032 Saepe
1057 3970 1130 4019 etiam
1142 3971 1167 4020 iu
1180 3971 1298 4035 protunda
1307 3972 1415 4036 piscibus
1426 3987 1554 4023 occurrens

979 4059 1132 4121 natantibus,
1145 4060 1248 4110 celerem
1262 4060 1361 4124 quidem
1378 4061 1542 4111 festinantium
1563 4059 1682 4123 extinguit
1697 4059 1771 4121 impe·

979 4147 1031 4197 tum
1038 4145 1056 4210 ,]
1068 4160 1143 4211 prope
1153 4147 1273 4211 attingens
1283 4150 1307 4198 et
1318 4149 1438 4200 irruentes
1449 4149 1521 4212 ligat;

980 4237 1046 4285 stant
1057 4241 1139 4286 autem
1151 4236 1212 4287 aridi
1222 4238 1246 4287 et
1257 4238 1416 4301 impotentes,
1426 4251 1505 4302 neque
1515 4237 1624 4296 viarum,

980 4323 1074 4385 miseri,
1084 4337 1163 4388 neque
1172 4325 1235 4388 fugas
1247 4339 1380 4388 memores;
1394 4326 1435 4376 illa
1445 4340 1504 4376 vero
1515 4337 1614 4375 manens

980 4412 1040 4463 nihil
1052 4415 1212 4477 repugnantes
1224 4414 1323 4465 devorat
1334 4429 1412 4478 neque
1423 4414 1648 4467 animadvertentes.

980 4502 1088 4560 Qualiter
1097 4505 1178 4553 autem
1188 4505 1296 4554 obscuris
1308 4503 1333 4554 in
1347 4502 1482 4553 simulacris
1491 4505 1639 4556 somniorum

980 4590 1025 4639 viri
1034 4589 1139 4642 dolentis
1150 4594 1175 4641 et
1187 4591 1307 4655 cupientis
1319 4592 1401 4655 ingere

981 4679 1036 4729 salit
1046 4679 1145 4741 quidem
1157 4693 1208 4740 cor,
1218 4694 1297 4743 genua
1306 4694 1365 4732 vero
1377 4681 1501 4730 trementis

981 4767 1077 4816 ίίτιιιυιτι
1088 4767 1155 4832 quasi
1166 4768 1291 4817 vinculum
1303 4769 1488 4833 lestinautisque
1500 4775 1584 4831 gravat
1597 4785 1604 4820 t

981 4857 1055 4906 tatem
1065 4843 1208 4920 compedem
1221 4856 1351 4906 fabricatur
1362 4855 1469 4920 piscibus
1480 4858 1592 4921 torpedo.

1012 4948 1077 4995 Rana
1088 4960 1159 5008 porro
1171 4945 1237 5008 piger
1248 4943 1347 5007 quidem
1357 4943 1429 4993 simul
1439 4946 1463 4994 et
1473 4945 1551 4996 mollis
1562 4947 1636 5010 piscis
1648 4951 1698 5012 art,

981 5033 1183 5098 turpissimosque
1190 5035 1288 5095 aspectu
1298 5049 1305 5094 ;
1315 5045 1343 5082 os
1350 5044 1407 5082 vero
1414 5033 1520 5096 aperitur
1527 5037 1551 5084 ei
1561 5033 1638 5086 latum
1647 5035 1768 5103 musitata

981 5125 1085 5183 attamen
1100 5123 1172 5172 etiam
1183 5120 1241 5169 huic
1253 5119 1372 5170 calliditas
1383 5121 1471 5184 reperit
1484 5123 1561 5172 ventri
1571 5137 1660 5176 escam.

982 5216 1037 5276 ipsa
1049 5210 1146 5274 quidem
1157 5223 1198 5273 per
1209 5209 1293 5258 limum
1305 5207 1429 5258 mucidum
1441 5211 1524 5261 voluta

982 5301 1139 5352 recbuataest
1150 5297 1281 5362 intrepida,
1288 5311 1388 5362 parvam
1395 5301 1476 5350 autom
1484 5303 1640 5356 carunculam
1648 5303 1771 5373 umus,
