4066 6038
300 401 356 454 116

298 525 342 584 ἐπί
350 525 402 582 τῶν
412 523 515 601 πετρῶν
527 527 581 584 τοῖς
591 519 652 600 ᾠοῖς
663 516 885 598 θποστριθννυσιν,
897 517 957 577 οὔτε
968 515 1084 588 θάλπων,

298 617 343 673 καί
364 615 417 678 τοῖς
442 609 547 686 ἀνέμοις
562 606 630 666 uiri
645 605 688 665 διά
706 606 803 673 παντὸς
822 605 981 686 ἐπιτρέπων,
999 605 1084 665 καίτοι

298 703 343 763 καί
359 701 402 762 ἐπί
417 708 470 767 τοῖς
481 701 541 780 ᾠοῖς
552 697 650 756 τοιόνδε
665 719 690 754 τι
703 697 797 777 δρῶσιν
811 697 840 756 ol.
852 694 1047 778 καταρράκται·
1062 697 1086 753 οί

298 791 346 869 μὲν
362 791 466 872 ἄρσενες
488 786 663 852 ἀναλαάόντες
681 777 718 853 οἷς
739 783 837 844 ἔνεστιν
858 783 972 864 ἄρσενα,
987 785 1014 842 nl
1036 782 1085 854 θή-

297 883 366 939 λειαι
377 880 399 938 δ’
409 877 505 956 ὁμοίως
518 875 552 935 τά
563 874 660 948 θήλεα,
674 874 720 933 καί
730 874 783 940 τοῖς
793 872 868 932 ποσίν
881 871 1085 954 ἐπισφίγξαντες,

298 969 363 1050 πρὸς
373 967 417 1026 τὸν
432 966 498 1047 ἀέρα
517 964 674 1023 ἀνίστανται
690 962 735 1021 καῖ
750 960 819 1020 καπδ
836 966 880 1022 τοῦ
895 962 1026 1040 πελάγους
1039 960 1086 1042 φέ-

301 1064 390 1140 ρεσθαι
413 1059 530 1137 ἀφιᾶσιν,
546 1043 604 1112 εἶτα
626 1051 690 1133 πρὸς
710 1051 739 1111 τὸ
760 1050 830 1133 θδωρ
852 1049 974 1129 ἑπόμενοι
993 1055 1085 1108 θᾶττον

298 1143 472 1224 ἐξαρπάζουσι
487 1147 532 1202 τοῦ
544 1138 675 1219 πελάγους
684 1137 765 1216 αὐτὰ,
779 1143 894 1217 συνεχῶς
905 1141 983 1198 τοῦτο
995 1137 1022 1196 έν
1034 1160 1086 1196 τισι

298 1238 430 1300 ποιοῦντες
454 1229 579 1309 ἡμέραις,
600 1227 668 1286 οθτω
689 1228 711 1286 θ’
729 1231 746 1297 ἡ
768 1226 836 1308 φορόι
860 1224 1013 1307 θερμήνασα
1034 1227 1086 1283 τῶν

298 1325 358 1405 ᾠῶν
372 1319 497 1402 προφέρει
511 1315 570 1384 τοὺς
583 1311 712 1381 νεοττούς·
731 1316 755 1373 οί
771 1313 799 1374 δὲ
811 1313 842 1372 τὸ
862 1318 916 1394 φῶς
934 1312 1031 1378 ίδόντες
1045 1315 1086 1372 εθ-

298 1410 342 1478 θθς
353 1409 397 1468 ἐπί
408 1411 459 1468 τῶν
473 1408 570 1467 κολιῶν
585 1405 633 1463 οῦκ
648 1400 786 1482 ἀνέχονται
802 1401 953 1483 διατρίόειν,
970 1399 1086 1478 illic-l

298 1502 350 1557 τῶν
369 1497 498 1557 τεκόντων
512 1492 622 1554 ῖπεσθαι
647 1492 744 1564 πτήσει
767 1491 970 1572 φιλονεικοῦσιν·
993 1480 1049 1548 εἶτα
1063 1491 1087 1546 oi

298 1595 381 1664 γονεῖς
395 1583 570 1649 ὑπολαῦόντες
583 1578 678 1648 αὐτοὺς
690 1580 770 1638 πάλιν
783 1581 819 1647 τῖς
829 1578 873 1639 τὸν
887 1578 965 1659 βυθδν
979 1581 1087 1658 ἀφιᾶσι,

298 1675 344 1733 καί
362 1673 441 1733 πάλιν
464 1669 623 1753 ἁρπάζουσιν
642 1668 820 1747 ήπειγμένως,
842 1667 1022 1750 ἐλαφρίζοντες
1042 1665 1087 1724 τὸν

298 1761 377 1821 πόνον
390 1761 492 1826 αὐτοῖς·
505 1757 575 1817 οῦτω
589 1757 641 1837 γὰρ
653 1756 686 1816 ἀν
700 1762 792 1817 θᾶττον
807 1759 853 1829 τῆς
867 1752 992 1837 πατρῴας
1007 1753 1088 1834 θήρας

299 1850 342 1910 τδν
364 1849 460 1931 τρόπον
482 1848 672 1926 ίκδιδαχθεῖεν,
689 1845 736 1905 καί
754 1869 793 1912 τις
815 1843 847 1903 ἂν
863 1843 955 1912 αὐτοὺς
974 1843 1088 1903 εἰκάσειε

298 1940 390 2000 παισὶν
403 1938 446 1998 ἐπί
464 1935 593 2016 γεωργίαν
608 1934 745 2012 ἑπομένοις
758 1933 920 2014 γεγηρακότι
939 1932 1035 2013 πατρί,
1051 1923 1086 1990 ῶν

299 2034 314 2089 δ
338 2027 386 2108 μίν
406 2025 502 2091 ἐπιθείς
522 2023 613 2103 βουσίν
633 2023 742 2104 ἄροτρον
766 2020 906 2099 ἀνατέμνει
923 2019 970 2094 τήν
996 2025 1088 2098 γῆν,ό

299 2118 322 2177 δ’
345 2122 462 2196 ἡγεῖται,
488 2115 558 2173 σῖτον
585 2111 629 2170 ἐπί
653 2111 750 2194 σπόρον
773 2109 886 2190 ἐκχέων·
908 2109 1089 2191 ἐργαζομένοις

300 2207 324 2266 δ’
336 2210 351 2266 δ
362 2204 452 2286 πατήρ
463 2204 604 2286 ἐφέστηκε,
615 2200 746 2260 διδάσκων
754 2199 812 2279 ἅμα
824 2199 869 2259 καί
883 2199 1010 2279 γεγηθώς.
1052 2203 1087 2260 Oi

299 2294 482 2376 καταρράκται
496 2291 524 2350 δὲ
537 2290 591 2351 νέοι
603 2289 651 2368 μέν
667 2289 738 2356 ὄντες
753 2289 792 2348 ἔτι
806 2287 865 2356 τοὺς
879 2293 987 2369 βραχεῖς
999 2289 1087 2368 ἁρπά-

300 2389 372 2454 ζουσι
386 2386 438 2441 τῶν
452 2379 548 2462 ἰχθύων
563 2378 609 2438 καλ
622 2379 682 2438 οὐδὲ
696 2383 748 2437 τῶν
761 2381 846 2438 ἀκτῶν
858 2375 986 2436 ἵπτασθαι
1000 2377 1088 2460 πόρρω

300 2475 450 2555 θαρροῦσιν,
473 2465 625 2539 αὐξηθέντες
643 2464 671 2526 δί
689 2470 742 2534 τοῖς
763 2467 878 2544 μείζοσιν
896 2465 1087 2546 ἔφοπλίζονται.

840 385 1052 445 ΔΙΟΝΥΣΙΟΥ
1074 383 1322 444 ΟΡΝΙΘΙΑΚΩΝ
1345 385 1380 447 Β.

1128 525 1194 576 unda
1203 525 1482 590 maremprocreandum
1491 524 1783 588 conjicit,lemina,uude
1792 525 1921 586 laminam,

1130 642 1156 691 in
1170 641 1276 692 sublime
1286 641 1367 690 ieramt
1375 641 1480 704 pedibus
1489 642 1675 705 comprehensa,
1685 641 1743 690 inde
1753 640 1884 690 dimittunt
1897 643 1922 689 ut

1130 769 1203 819 super
1209 757 1294 819 pelago
1302 756 1418 819 terantur,
1427 755 1485 808 dein
1491 756 1539 819 ipsi
1548 768 1634 806 vorsus
1641 755 1716 804 maris
1722 755 1879 818 superficiem
1887 756 1921 803 ln-

1130 871 1219 934 secuti,
1228 884 1305 935 ocyus
1315 872 1377 920 mari
1386 871 1535 933 subripiunt,
1548 873 1621 934 atque
1631 872 1679 920 boc
1687 871 1793 921 subinde
1808 873 1921 934 rcprluut

1131 987 1206 1038 certis
1217 986 1364 1050 quibusdam
1386 986 1481 1036 diebus.
1515 987 1556 1036 Sic
1573 988 1643 1036 motu
1662 987 1835 1036 concalelaotis
1855 988 1920 1048 oris,

1131 1101 1192 1165 pulli
1205 1101 1375 1153 excluduntur.
1409 1101 1472 1152 Pulli
1484 1115 1557 1164 mox,
1570 1103 1599 1152 ut
1607 1102 1689 1152 lucem
1700 1102 1851 1166 aspexerint,
1861 1105 1922 1154 nulla

1131 1217 1158 1266 in
1168 1217 1234 1268 nidis
1243 1231 1313 1268 mors
1322 1219 1435 1282 parentas
1444 1218 1529 1268 volatu
1540 1217 1609 1281 sequi
1620 1217 1785 1280 contendunt;
1793 1232 1809 1268 a
1818 1220 1922 1283 parcuti-

1131 1333 1178 1383 bua
1193 1333 1274 1384 autem
1290 1332 1399 1397 suscepti
1418 1332 1444 1382 in
1459 1345 1529 1382 mura
1543 1331 1707 1382 demittantur
1718 1333 1743 1382 et
1755 1346 1844 1384 rursus
1861 1333 1923 1384 illico

1131 1449 1301 1509 extrahuntur,
1318 1449 1347 1498 ut
1364 1449 1401 1498 sic
1419 1447 1515 1498 lucilius
1533 1447 1626 1498 auxillo
1641 1450 1774 1511 pareutum
1785 1450 1835 1500 boc
1850 1463 1923 1512 genus

1132 1563 1244 1615 axncitii
1266 1563 1326 1626 ipsis
1344 1563 1460 1613 reddatur
1472 1565 1630 1626 paterneque
1643 1563 1717 1613 citius
1733 1563 1876 1614 venationis
1891 1579 1924 1614 re

1131 1679 1225 1730 tionem
1238 1678 1348 1741 discaut3
1367 1677 1550 1742 comparaveris
1560 1679 1643 1728 autem
1661 1678 1775 1730 costulis
1795 1681 1923 1742 agricole,

1132 1808 1232 1859 gravem
1241 1795 1312 1845 annis
1324 1795 1418 1858 patrem
1429 1792 1600 1856 wquentibns,
1609 1807 1719 1858 quorum
1729 1795 1800 1859 alter,
1809 1795 1925 1859 imposito

1121 1917 1212 1969 bubus
1229 1919 1323 1979 aratro,
1333 1917 1424 1966 terram
1440 1913 1591 1977 proscindit,
1607 1915 1678 1978 praeit
1691 1915 1752 1966 alter
1763 1918 1789 1967 et
1800 1917 1879 1967 sulcis
1892 1931 1924 1966 so

1132 2038 1199 2088 mina
1215 2037 1363 2100 committit;
1375 2035 1536 2099 operantibus
1544 2037 1619 2100 pater
1628 2037 1720 2086 docens
1736 2036 1812 2087 simul
1831 2041 1857 2089 et
1872 2053 1926 2102 gau

1132 2156 1193 2205 dens
1211 2153 1310 2204 assistit.
1343 2152 1432 2203 Taueni
1447 2151 1528 2203 adhuc
1543 2151 1677 2218 pisciculos
1693 2154 1791 2204 tantum
1810 2155 1925 2218 captant,

1132 2277 1229 2340 longius
1244 2291 1260 2326 a
1275 2275 1399 2326 littoribus
1410 2275 1495 2326 volatu
1507 2273 1634 2326 discedere
1647 2288 1698 2324 non
1712 2275 1779 2338 ausi;
1792 2273 1926 2326 adultiores

1132 2399 1222 2450 deinde
1240 2399 1347 2461 maiores
1360 2395 1489 2448 invadunt
1522 2399 1589 2446 Mors
1608 2396 1657 2446 illis
1673 2395 1869 2460 gravior,q11arn
1885 2397 1925 2447 ulli

1133 2521 1255 2583 arnbiguoe
1264 2519 1413 2570 vitrearium
1421 2517 1635 2581 contingit3acies
1645 2517 1713 2568 enim
1721 2519 1852 2569 ocrdoruan
1861 2521 1925 2569 senio
2026 2579 2027 2590 γ

301 2560 355 2622 Καὶ
369 2563 420 2619 τῶν
434 2556 567 2640 ἀμφιόίων
582 2555 686 2615 πάντων
701 2555 792 2614 κάκιον
812 2556 967 2613 τελευτῶσιν
979 2553 1088 2636 ὀρνέων·

301 2649 351 2707 ὑπὸ
363 2647 450 2728 γήρως
461 2647 513 2726 γὰρ
526 2647 614 2713 αὐτοῖς
624 2648 671 2716 τῆς
683 2642 767 2726 όρεως
781 2641 986 2721 ἀμόλυνθείσης,
1001 2647 1090 2722 ήγοῦυ.
1134 2639 1251 2692 oontectis
1260 2640 1348 2690 obtusa
1356 2639 1383 2688 in
1394 2651 1468 2689 σουεε
1477 2638 1525 2701 est,
1535 2638 1564 2687 nt
1572 2637 1597 2688 in
1606 2649 1676 2688 mare
1684 2650 1712 2688 se
1720 2637 1923 2702 praecipitantem

300 2761 343 2796 ται
357 2733 404 2814 μὲν
417 2735 460 2794 od
474 2731 503 2793 τό
518 2733 631 2811 πέλαγος
652 2732 788 2816 φέρεσθαι,
802 2735 849 2803 τῆς
865 2730 946 2810 ἄγρας
960 2729 1089 2811 ἐφιέμενοι
1134 2762 1291 2824 arbitrantes,
1309 2761 1407 2812 solim„
1419 2759 1527 2825 pm
1540 2757 1702 2824 mmm,
1711 2760 1818 2824 mulis
1829 2774 1925 2824 „pm

299 2831 345 2900 τῆς
357 2824 492 2897 συνήθους,
505 2821 614 2904 πέτραις
623 2821 651 2880 δὲ
662 2822 707 2880 καί
719 2824 845 2900 κρημνοῖς
855 2819 1088 2901 περιρρηγνύμενοι

300 2912 503 2996 διαφθείρονται.

340 3005 395 3064 ΙΙΙ.
420 2999 474 3064 Καὶ
490 3002 514 3059 οί
530 2999 648 3079 τροχίλοι
664 2997 691 3056 δὲ
702 3000 754 3056 τῶν
770 2996 904 3080 ἀμφιῦίων
918 2995 1013 3078 ὀρνέων
1028 2997 1089 3071 εἰσί,
1166 3007 1214 3056 lll.
1233 3005 1295 3055 Sunt
1307 3003 1384 3054 ctiam
1402 3017 1433 3052 εκ
1448 3001 1583 3065 amphibiis
1603 3001 1690 3052 nvibus
1707 3001 1824 3065 trochili;
1835 3003 1864 3052 bi
1885 3017 1925 3066 per

300 3089 427 3172 καὶπρὸς
444 3091 497 3155 τοῖς
511 3089 640 3166 αἰγιαλοῖο
654 3083 791 3167 τρέχουσιν
806 3084 876 3145 οὕτω
893 3085 1037 3164 πολλάκις,
1054 3091 1089 3154 ὡς
1135 3107 1218 3157 littora
1227 3105 1369 3156 annuunt
1380 3105 1447 3155 unu
1458 3103 1695 3168 mpiasceledute,
1705 3106 1733 3155 ut
1745 3118 1834 3156 cursus
1842 3119 1925 3156 conum

298 3179 418 3261 ὀξύτερον
433 3179 518 3236 αὐτῶν
535 3180 583 3248 τῆς
596 3173 718 3248 πτήσεως
736 3164 804 3233 εἶναι
817 3173 862 3233 τόν
875 3173 984 3253 δρόμον·
999 3173 1089 3255 ἔχουσι
1133 3211 1219 3262 'opatu
1234 3211 1309 3261 etiam
1325 3209 1449 3274 pernicior
1467 3210 1515 3273 sit,
1533 3211 1609 3273 atque
1627 3208 1686 3259 hino
1701 3221 1792 3260 mmm
1809 3210 1846 3260 ,γε
1863 3209 1925 3273 md

299 3269 350 3349 γὰρ
370 3267 417 3327 καί
434 3265 483 3339 τήν
504 3263 684 3346 προσηγορίαν
706 3265 834 3326 ἐντεῦθεν.
878 3266 943 3330 Τοῖς
965 3264 1090 3341 μεγάλοις

299 3358 322 3416 δ’
335 3359 383 3416 οῦκ
399 3357 580 3434 ἐπιχειρῶσιν
592 3351 706 3433 ἰχθύσιν,
717 3353 778 3410 ἀλλ’
793 3349 899 3431 ἀπόχρη
914 3350 982 3431 θήρα
995 3375 1081 3430 καρκι-

299 3445 375 3512 νάδος
390 3444 488 3520 αὐτοῖς,
500 3441 518 3514 ἢ
530 3441 672 3502 συλλαθεῖν
684 3441 750 3500 ἀλλο
761 3463 787 3499 τι
797 3443 849 3497 τῶν
862 3438 946 3499 ὁπόσα
957 3439 1021 3521 πρὸς
1032 3439 1090 3506 τοῦς
1134 3435 1260 3498 ωθθθίίῑθι
1272 3436 1297 3484 ei
1306 3433 1327 3483 ὅθ
1340 3446 1396 3497 ‹1¹1ae
1405 3433 1524 3483 fluctffiffl
1535 3432 1567 3482 id
1579 3433 1664 3482 ίῑίίθῐθ
1676 3433 1857 3496 Ιῦῦθθίίᾶθίῦῐι
1869 3447 1925 3484 0⁰¹¹·

300 3531 435 3613 αἰγιαλοὺς
445 3530 547 3614 ἐκφέρει
561 3528 595 3588 τδ
606 3528 724 3605 κύματα.
768 3526 902 3603 Νέμονται
912 3527 934 3586 δ’
944 3532 967 3586 ot
984 3527 1090 3609 ἄρσενες
1133 3539 1206 3590 tenti.
1238 3543 1321 3590 Maras
1339 3551 1479 3592 εεοεειιαιο
1494 3538 1606 3600 leminis,
1624 3538 1748 3588 leminaea
1762 3535 1872 3589 maribus
1888 3551 1926 3600 pa·

300 3625 357 3700 μετ’
378 3619 512 3697 ἀλλήλων
533 3619 578 3679 καὶ
598 3617 680 3698 Zmil<
700 3616 781 3676 πέλω
797 3619 825 3674 αἱ
843 3615 960 3688 θῦλεῑθῑι
979 3617 1025 3675 καί
1042 3623 1088 3677 τοῦ
1134 3646 1247 3696 suuntur.
1279 3633 1383 3710 lne'upte
1391 3657 1450 3696 vere
1458 3643 1557 3708 priores
1570 3643 1669 3694 femine
1679 3643 1776 3694 coitum
1788 3645 1927 3708 expetentes

300 3712 374 3792 ἔαρος
382 3709 545 3782 ἐπιστάντος,
554 3707 722 3786 ἐπειγόμεναι
729 3705 795 3786 πρὸς
802 3703 940 3764 συνουσίαν
951 3709 979 3764 αί
987 3707 1088 3779 θήλειαι

299 3801 424 3880 πρότεραι
442 3799 495 3866 τοῖς
515 3797 622 3880 ἄρρεσιν
643 3798 792 3876 ἐφορμῶσι,
810 3793 856 3852 καὶ
873 3793 967 3874 μικρόν
980 3819 1006 3853 τι
1023 3799 1087 3878 παρ’

300 3891 387 3954 αὐτοῖς
407 3877 460 3945 οἷον
474 3884 567 3964 ᾄδουσι
591 3892 752 3964 τετριγυῖαι,
774 3881 842 3941 οθτω
867 3904 896 3940 τε
917 3884 1089 3943 ἐκκαλοῦνται

300 3977 365 4056 πρὸ,
377 3975 458 4055 μίγη,
471 3974 517 4034 καὶ
529 3980 563 4056 τῇ
576 3979 714 4054 προτροπῇ
730 3971 805 4050 μοηις
817 3969 931 4038 ἐνδόντες
943 3974 968 4030 01
984 3973 1089 4053 ἅρρΜ
1134 3965 1177 4028 qui
1194 3964 1239 4013 vix
1256 3962 1357 4013 tandem
1377 3961 1436 4012 huic
1453 3961 1596 4010 invitationi
1613 3959 1729 4011 cedentes
1744 3961 1828 4011 veneri
1850 3960 1926 4010 indul-

301 4065 448 4146 μίγνυνται,
471 4061 563 4143 μέχρις
587 4059 619 4121 ἀν
633 4063 713 4130 πέντε
731 4057 905 4132 πεποιηκέναι
921 4059 962 4142 ᾠὰ
982 4061 1025 4119 διὰ
1043 4067 1089 4135 τῆς
1134 4071 1205 4134 gent,
1217 4069 1298 4120 donec
1311 4068 1405 4118 coitum
1416 4067 1448 4117 nd
1463 4066 1573 4142 winone
1587 4078 1635 4116 ova
1649 4064 1797 4130 procreanda
1815 4066 1926 4116 sulficere

300 4156 393 4234 μίξεως
403 4151 585 4229 οἰηθῶσι,κα“ι
595 4150 660 4230 πρὸς
668 4147 716 4218 rt<
726 4153 811 4210 αὑτῶν
827 4147 906 4206 πάλιν
919 4148 1025 4209 ἕκαστοι
1036 4175 1091 4232 χω·
1135 4175 1292 4226 arbitrantur,
1326 4176 1387 4224 Mox
1402 4173 1493 4223 perum
1513 4171 1545 4222 ad
1563 4184 1610 4223 sug
1629 4185 1704 4222 ms
1717 4174 1820 4236 umque
1836 4186 1926 4236 pascua

300 4251 373 4325 ροῦσι
387 4243 487 4322 νομδις,
508 4246 561 4301 τῶν
575 4241 690 4323 ἀρρένων
706 4240 754 4316 μὲν
769 4239 828 4299 οὐδὲ
846 4239 939 4322 μικρὸν
953 4239 992 4298 ἔτι
1012 4241 1088 4316 λόγον

315 4339 332 4352 ,,
375 4336 392 4350 .
634 4334 651 4349 .
886 4328 927 4374 ,γ
956 4334 973 4348 .
1020 4331 1027 4352 ,
1063 4363 1068 4386 Ι

299 4332 665 4499 Zffizfgimngfmc
673 4327 1090 4494 ,Ἑωζοῗξνξέζὲζὲῗὲἑνῗῗζὲῐ
1135 4398 1219 4436 curam
1238 4385 1397 4448 relinquunt,
1420 4383 1517 4433 leminis
1533 4382 1603 4432 labor
1618 4382 1743 4446 pullorum
1761 4382 1926 4433 curandorum

299 4510 345 4570 καί
357 4509 420 4591 πρὸς
432 4509 551 4581 ἀλλήλας
562 4505 609 4580 τήν
624 4504 740 4579 σπουδὴν
754 4506 920 4584 νεμομένων·
932 4509 958 4565 αἱ
974 4505 1021 4585 μὲν
1037 4505 1089 4589 γὰρ

299 4598 333 4657 τδι
346 4598 387 4679 ᾠὰ
401 4599 549 4657 θάλπουσαι
562 4596 683 4672 μένουσιν
694 4598 720 4655 ἐν
730 4599 789 4662 ταῖς
798 4598 902 4667 καλαῖς,
914 4599 942 4654 ot
952 4595 979 4655 δὲ
991 4595 1088 4678 τροφήν
1135 4609 1183 4647 ονε
1194 4597 1219 4648 in
1231 4596 1297 4648 nidis
1309 4597 1402 4659 invent,
1414 4595 1469 4646 aliae
1478 4595 1620 4646 foventibus
1631 4594 1717 4645 cibum
1726 4599 1877 4658 congerunt,
1894 4599 1926 4644 al-

300 4687 486 4765 συγκῦμίίθυῦῑ
498 4694 556 4754 ταῖς
568 4685 741 4758 θαλποῦσαῑς,
758 4684 804 4744 καί
817 4685 899 4764 δρῶσῑ
913 4690 990 4744 τοῦτο
1006 4688 1090 4762 ἀμοι-
1135 4717 1184 4766 quc
1193 4703 1241 4752 Ιιοο
1253 4701 1354 4752 alternis
1365 4700 1463 4751 uicibus
1479 4699 1587 4763 iaciunt,
1598 4712 1645 4749 ova
1657 4712 1702 4750 sua
1717 4699 1859 4763 plumarum
1872 4713 1926 4749 cou-

300 4773 391 4845 tatto,
406 4773 439 4833 τὰ
453 4771 494 4854 ᾠὰ
507 4778 541 4854 ³¹7¹
555 4777 607 4832 τῶν
626 4778 727 4854 πτερῶν
742 4774 1089 4856 ⁰‘iiii‘st‘mi‘l‘limittit'
1134 4810 1202 4858 tactu
1216 4805 1396 4858 calefacientes.
1431 4805 1513 4855 Pullos
1526 4803 1579 4866 iam
1593 4802 1691 4855 adultos
1709 4803 1741 4853 ad
1754 4804 1823 4854 littus
1838 4805 1926 4868 produ·

300 4885 353 4923 σει·
366 4852 423 4921 εἶτα
435 4861 480 4922 od
493 4861 537 4920 τὸν
552 4861 671 4943 αἰγιαλὸν
686 4861 745 4932 τοῦς
755 4862 874 4932 νεοττοὺς
887 4863 993 4943 ἄγουσιν
1008 4863 1090 4937 αὐξη-

299 4952 398 5024 θέντας,
407 4955 434 5010 ἐν
445 4941 468 5032 ᾠ
479 4949 532 5018 τοῖς
542 4951 633 5032 ἄρρεσι
642 4951 766 5024 νέμεσθαι
777 4956 861 5036 φίλον,
870 4953 916 5013 καὶ
925 4953 1089 5034 μερισθέντες

299 5045 382 5111 οὕτως
398 5043 506 5103 ἕπονται
520 5051 574 5111 τοῖς
587 5069 616 5103 τε
631 5046 723 5128 ἀρρεσι
735 5046 780 5106 καὶ
793 5048 851 5114 ταῖς
862 5047 976 5120 θηλείαις
988 5049 1012 5105 οἷ
1026 5055 1088 5105 παῖ·

299 5139 354 5208 δες,
366 5131 434 5192 ὥστε
449 5130 562 5190 ἐοικέναι
576 5133 718 5212 προόάτοις
733 5133 785 5192 ὑπὸ
804 5138 857 5193 τῶν
876 5133 1008 5212 ποιμένων
1021 5133 1089 5211 μετὰ
1135 5127 1202 5177 libus
1213 5138 1269 5188 ‘lim
1281 5125 1549 5188 lli¹⁵t⁰ffflsll⁰⁵¹lluam
1563 5123 1589 5174 5¹¹
1607 5122 1706 5187 θθὲθῦῑθ
1719 5122 1840 5182 “itemst
1855 5135 1882 5171 ⁵0
1893 5122 1925 5169 5¹¹·

299 5225 344 5292 τὰς
359 5226 385 5281 ἐν
399 5229 455 5288 ταῖς
468 5221 562 5300 νομαῖς
573 5220 710 5299 συμμίξεις
722 5221 917 5302 χαριζομένοις.
1133 5231 1213 5282 vicens
1225 5231 1367 5280 soccrnunt.

1134 2883 1225 2948 cipitiis
1237 2882 1361 2934 illidantur
1373 2883 1399 2932 ct
1409 2881 1519 2945 pereant.

1135 3752 1269 3804 sollicitant
1285 3765 1366 3804 mares
1386 3752 1551 3803 adveneram
1567 3753 1592 3801 et
1607 3763 1683 3814 prope
1699 3751 1805 3801 coalent
1820 3751 1925 3815 quodam

1135 3861 1208 3910 cautu
1224 3859 1302 3910 veluti
1321 3857 1440 3920 strident,
1456 3869 1505 3923 quo
1521 3854 1553 3904 ad
1568 3856 1662 3906 coitum
1680 3857 1817 3918 provocant
1834 3868 1925 3916 mares,

1135 4294 1247 4331 seorsum
1257 4279 1401 4342 revertitur;
1413 4281 1474 4328 tuuc
1484 4291 1565 4328 ιειοιαε
1575 4291 1675 4328 oannem
1686 4278 1781 4328 loeturae
1792 4279 1818 4328 ct
1827 4278 1925 4328 veneris

1135 4491 1194 4542 solis
1203 4491 1336 4553 incumbit,
1344 4503 1451 4554 eumque
1459 4489 1508 4538 illu
1517 4488 1581 4539 inter
1589 4501 1617 4538 se
1628 4488 1784 4551 partiuntur;
1796 4487 1852 4538 aliae
1861 4489 1926 4538 enim

1135 4915 1210 4974 cunt,
1228 4911 1268 4962 ubi
1284 4923 1364 4960 marus
1381 4909 1473 4959 versari
1490 4909 1583 4971 solant;
1601 4907 1635 4958 ibi
1649 4908 1782 4972 separatim
1798 4909 1837 4958 sui
1854 4923 1926 4958 scats

1134 3324 1234 3372 (ἔπεσσε
1254 3321 1407 3385 impcsitrun.
1441 3321 1525 3370 Pisces
1544 3333 1646 3382 magnos
1665 3332 1716 3369 non
1742 3319 1925 3383 agrediuntur,
2025 3335 2026 3352 ι

1132 5023 1248 5084 'parentes
1263 5018 1356 5081 quique
1365 5016 1426 5081 pulli
1441 5018 1589 5080 sequamur,
1599 5016 1633 5066 ita
1644 5014 1777 5066 utsimilcs
1790 5015 1841 5064 sint
1857 5030 1926 5079 paco
2023 5067 2024 5080 ¹
