4058 6092
322 471 391 544 xvltJ

351 601 380 648 ΙΙ
392 596 503 648 [sinebit
518 597 642 647 editione:
845 602 872 646 tn
882 595 1041 644 beneditione
1051 615 1058 644 ι

381 703 430 762 29.
451 683 554 761 μεγάλα
568 681 608 742 dr’
615 724 883 742 ..............
891 680 959 759 μέγα
977 683 1040 762 λᾷον

384 773 432 833 35.
454 769 596 851 ιῦκιθάραν
607 767 1090 853 -κρατῆσαι.αὐδὲλιίραν-κροτᾶσαι

383 861 431 933 48.
451 859 568 942 δωριστί,
582 857 668 921 Σίσου
674 902 821 919 ........
829 855 943 939 Δωριστὶ
958 856 1036 916 σε’ὅου
1048 857 1090 933 (3)

401 1046 430 1108 4.
451 1035 554 1096 doruxd
560 1081 667 1098 ......
671 962 739 1095 Χ.Χ
740 1078 909 1096 .........
915 1033 1009 1094 trent

400 1145 428 1198 7.
448 1122 551 1190 λαλίιις
557 1165 925 1185 ...................
931 1123 1033 1189 καλέεις

383 1214 430 1271 26.
451 1211 481 1272 τὸ
494 1209 581 1290 antipa
592 1213 615 1269 δ’
627 1201 662 1270 αὖ
668 1253 794 1270 .......
803 1210 847 1268 καί
861 1209 947 1290 στόμα
962 1211 985 1268 δ’
999 1203 1033 1268 αὖ
1048 1211 1056 1285 (

382 1301 428 1358 31.
449 1297 1056 1380 φιλεῦνθ’·ᾶδ’ἇστυιιαί.φιλεῦντι·τᾶδίίστικαί(

381 1389 428 1446 31.
450 1383 557 1445 xoi'rror’
572 1386 660 1445 ιἰιιοιίει
667 1430 830 1448 .........
832 1388 879 1444 κοῦ
894 1386 1057 1463 ποτακούει(

381 1477 428 1546 37.
449 1473 477 1532 δν
492 1496 521 1531 τε
528 1514 937 1535 .....................
944 1472 973 1531 ὅν
986 1495 1017 1550 γε

379 1563 428 1638 39.
450 1564 486 1628 εἰς
497 1560 524 1620 ἓν
535 1595 574 1608 -
584 1562 722 1621 κάθιυδεν.
736 1603 744 1620 .
755 1565 808 1628 .είς
817 1560 1039 1639 ἅμα-καθεῦδεν
1047 1561 1087 1640 (7)

379 1658 426 1718 in.
447 1650 515 1725 μόνα
521 1692 911 1712 ....................
919 1646 999 1720 μόνον
1016 1650 1057 1728 (8)

378 1741 427 1806 43.
446 1737 505 1797 ἅττ
510 1779 942 1799 ......................
949 1738 967 1796 ἁ
981 1735 1011 1796 dl

1060 1209 1088 1286 ι)

1060 1299 1087 1374 5)

1059 1385 1088 1462 6)

319 1907 383 1971 μίγα
390 1905 450 1973 λῷον
460 1905 562 1972 conjecit
572 1905 722 1956 Iliehotadius
733 1906 849 1973 probante
859 1905 1045 1957 Δίπαια-ν.
1057 1914 1090 1964 to

318 1980 486 2048 δριψοΰριναι
498 1997 540 2031 sen
553 1980 647 2032 codices
660 1980 760 2033 iubant.
773 1983 849 2030 Recte
857 1980 953 2047 opinor,
966 1981 1023 2047 quia
1032 1996 1091 2048 prte-

318 2055 384 2105 cedit
395 2053 527 2122 ίρψειῖιμις,
540 2084 573 2094 -
588 2061 620 2111 V.
634 2064 665 2119 47
676 2057 812 2125 γράμματα
820 2061 929 2111 Cramer.
939 2059 1033 2109 Anecd.
1043 2062 1088 2110 IV.

284 2143 287 2148 ·
318 2145 346 2196 p.
361 2131 421 2182 dno.
441 2140 482 2190 st.

350 2205 390 2271 (8)
406 2209 519 2273 Ineptum
529 2223 581 2256 esse
593 2208 701 2274 Δωριστί
712 2222 766 2258 cum
778 2207 967 2275 praecedentibus
978 2211 1089 2275 junctum

318 2279 437 2332 iutdlexit
449 2284 596 2341 wartonus,
610 2299 707 2333 carmen
724 2282 757 2334 oh
776 2299 828 2332 eam
841 2299 947 2332 murum
960 2283 1090 2333 Theocrito

318 2355 467 2422 abjudicans.
473 2355 520 2406 Sed
529 2365 620 2408 minuta
629 2357 823 2424 interpunctione
833 2357 936 2408 oilensio
944 2368 1090 2408 removetur.

319 2432 428 2499 Δωριστί
440 2430 506 2482 enim
520 2430 610 2499 pariter
622 2431 802 2497 intelligendum
812 2442 848 2482 eat
858 2450 887 2484 no
898 2433 923 2482 iu
938 2433 1007 2500 idyll.
1016 2437 1088 2484 XIV.

319 2507 352 2564 48
373 2505 508 2574 emensi.
523 2517 548 2555 et
560 2509 619 2556 XV.
639 2508 671 2565 48
693 2507 850 2571 Αἰγυπτιστί,
869 2523 926 2574 ergo
939 2508 1090 2556 Doriensison

319 2597 384 2629 more
400 2579 419 2634 i.
438 2595 463 2632 e.
476 2589 573 2639 nnete,
589 2580 639 2647 pie.
659 2581 772 2630 Vamdcm
789 2582 931 2631 seutentiam
946 2580 1090 2632 desideravit

318 2652 436 2724 Bergiiw
445 2654 617 2706 inZimmerm.
625 2656 729 2721 Ephem.
741 2673 765 2709 a.
779 2658 850 2718 1837.
865 2674 890 2722 p.
902 2657 950 2704 512
961 2657 1091 2723 conjiciens

327 2731 427 2799 ‘lpus-rt
439 2732 607 2784 ostoun-V.
622 2731 664 2783 50.
675 2736 768 2785 Λατὼ
780 2731 824 2798 μὲν
839 2733 909 2794 δοίη,
924 2736 1015 2784 Λατὼ
1029 2751 1090 2784 seco·

319 2805 450 2874 ροτρόφος.
461 2809 532 2856 nano
541 2803 608 2854 rocio
618 2804 771 2859 iterationem
780 2824 829 2857 non
838 2807 916 2857 solum
925 2808 1021 2858 innotis
1030 2825 1091 2859 nun-

317 2880 435 2948 cupandis
445 2879 583 2930 sobmon
597 2895 662 2938 ease,
674 2895 728 2947 qne
744 2881 828 2950 opinio
842 2888 879 2931 est
891 2881 1051 2950 interpretum
1064 2883 1091 2933 in

318 2953 346 3008 h.
360 2955 393 3016 1.,
406 2953 448 3004 aad
459 2951 530 3004 latins
540 2959 623 3019 patere
636 2957 730 3022 egregie
742 2955 913 3006 demonstravit
922 2961 947 3008 1.
961 2955 1007 3008 ot.
1016 2954 1093 3007 rata:

318 3025 347 3080 in
356 3027 427 3094 Visa.
439 3030 494 3081 h.
506 3031 567 3082 111.
583 3025 641 3084 858.
654 3035 676 3082 1.
699 3030 759 3082 552.
769 3032 806 3081 Σ.
824 3029 882 3093 75ῐ.
895 3039 920 3082 rt
929 3030 997 3084 alias.

350 3101 389 3172 (4)
404 3102 446 3154 dio
455 3117 486 3154 ex
493 3113 607 3171 quattuor
615 3104 739 3156 oodioibm
749 3120 803 3154 cum
812 3103 1037 3160 boimunde—V.
1048 3122 1089 3168 α7.

318 3175 410 3232 fin
421 3186 456 3228 cat
468 3178 534 3246 quod
544 3183 578 3233 tt.
590 3179 687 3240 lilota.⁹
702 3178 740 3230 sir
750 3179 865 3245 elegantis
878 3179 984 3245 ingenii,
995 3180 1023 3231 in
1035 3179 1089 3230 Ad-

318 3263 371 3306 υί.
381 3252 408 3304 in
417 3255 508 3304 nevar.
521 3271 571 3305 non
579 3256 659 3306 statim
671 3255 753 3322 posmt
761 3271 841 3304 rer-nm
853 3255 996 3322 scripturam
1007 3252 1025 3318 ἢ
1037 3258 1091 3323 piiss

319 3327 404 3397 nee.
416 3342 489 3395 quam
502 3329 601 3381 luemut
613 3330 656 3397 qui
670 3334 703 3381 H.
714 3327 831 3396 Stephani
844 3339 953 3396 tempore
962 3331 1012 3397 jem
1023 3347 1091 3398 repo

319 3402 423 3454 καίειν
434 3411 558 3470 putarent.
579 3408 686 3470 Iamque
699 3403 897 3470 jureproharunt
908 3404 992 3456 Reisk.
1009 3408 1090 3472 Toup.

319 3478 443 3544 (Παίου.
459 3478 502 3545 qui
521 3479 665 3530 imitatorem
684 3479 755 3545 hujus
772 3479 819 3530 loci
835 3480 964 3530 Moschum
985 3486 1030 3531 111.
1047 3481 1089 3532 33.

319 3553 409 3618 bomo)
420 3555 525 3606 brunsh.
537 3555 611 3608 Grai.
624 3573 650 3622 p.
664 3557 705 3607 86.
720 3554 811 3621 brigga.
822 3555 934 3607 Meinek.
947 3556 1057 3605 Buisson.

352 3628 389 3692 (8)
407 3627 532 3678 Librorum
556 3628 699 3694 scripturam
722 3630 808 3679 merito
830 3630 983 3680 retinuerrmt
1004 3628 1090 3681 Reislr.

304 3705 432 3754 ‘Wartom
448 3702 546 3768 Pilenej.
560 3705 652 3756 IIarlea.
668 3708 699 3755 Α.
711 3703 808 3754 Jacobs.
822 3705 932 3757 Boissou.
945 3705 983 3756 Cl.
994 3709 1023 3754 Ι..
1036 3708 1092 3752 Βαι-

319 3775 381 3831 dcrl.
397 3781 472 3829 lectt.
484 3777 612 3828 Variarum
630 3777 771 3830 hebdomas.
791 3779 913 3846 Erlangu,
932 3783 1004 3830 1836.
1023 3798 1048 3846 p.
1064 3781 1089 3830 6.

320 3851 473 3902 Mlthlmaun.
487 3855 544 3916 Ieg.
557 3851 616 3916 unt.
634 3870 659 3920 p.
675 3861 731 3911 sto.

352 3930 388 3991 (8)
406 3931 432 3975 Iu
445 3925 492 3975 hoo
507 3942 576 3975 versu
593 3943 656 3977 ntmc
674 3937 769 3977 secutus
782 3944 835 3977 sum
846 3928 940 3978 Reiskii
957 3928 1091 3988 rationem,

320 4018 392 4070 quarn
406 4008 486 4050 tuetur
498 4001 672 4052 Schneidewin.
685 4003 709 4052 in
721 4003 906 4053 Zimmermanni
914 4004 1017 4070 Ephem.
1026 4003 1090 4054 stud.

320 4076 399 4143 auu'q.
408 4090 433 4128 ε.
448 4076 521 4138 ι837.
534 4091 560 4142 p.
574 4079 637 4127 1108
646 4086 808 4145 preterquam
818 4078 884 4144 quod
893 4077 955 4128 illud
969 4080 983 4127 d
998 4079 1093 4135 ιιαιλὸς

321 4150 442 4208 Διόνυσος
449 4149 528 4216 aptius
536 4149 689 4202 referendum
701 4150 763 4201 mihi
772 4151 869 4202 ridetur
880 4151 910 4203 ad
923 4169 947 4204 r.
960 4153 1006 4212 30,
1021 4160 1049 4200 ut
1061 4151 1093 4200 de

320 4224 499 4295 pulchritudine
513 4241 611 4292 quoque
629 4234 691 4278 tecte
710 4243 736 4276 se
756 4236 880 4294 comparet
898 4226 1019 4278 bubulcus
1036 4243 1091 4278 cum

320 4301 424 4355 Baccho.
437 4303 548 4352 ceteru-
562 4316 618 4351 oum
630 4299 679 4352 boc
695 4301 750 4351 loon
768 4300 881 4353 conterre
898 4301 974 4365 licet,
989 4313 1017 4352 ut
1031 4301 1092 4352 mihi

321 4376 424 4433 uidetur,
438 4377 506 4424 vm.
523 4376 566 4426 52.

355 4453 391 4514 (7)
409 4449 503 4500 Ileiosii
516 4451 687 4516 conjecturam,
696 4465 768 4517 quam
778 4449 949 4502 Valckenarius
959 4468 1055 4518 quoque
1066 4451 1094 4501 il-

322 4527 444 4575 lnstratnm
452 4523 572 4592 probavit,
580 4524 743 4591 preeuntibus
749 4524 838 4574 Dahlio
845 4535 870 4575 et
881 4526 989 4592 briggsio
1000 4525 1093 4593 recepi;

322 4615 378 4648 nmn
392 4615 445 4665 quie
457 4607 627 4666 compararunt
639 4598 671 4648 ad
685 4600 805 4666 volgatam
820 4599 996 4652 defendendam
1014 4604 1093 4652 omisis

321 4674 423 4740 disparis
437 4675 530 4738 generis
541 4684 607 4726 suut.
617 4675 666 4740 ipa
679 4673 752 4724 habet
764 4677 837 4726 etiam
845 4676 885 4729 ed.
895 4680 960 4729 Crat.
971 4678 1025 4744 ἀρὰ
1033 4693 1094 4728 unus

322 4750 377 4802 cod.
390 4749 466 4800 Paris.
482 4749 559 4800 Verbi
570 4751 687 4802 κάθευδεν
705 4760 829 4801 nocentum
846 4754 948 4805 mutarit
961 4754 1092 4813 Sebelar..

323 4825 361 4873 cui
374 4824 423 4888 jans
439 4823 569 4890 liiessling.
585 4824 712 4874 obsecutus
726 4835 771 4878 est.

357 4899 393 4963 (8)
412 4898 483 4949 Idex
496 4899 620 4950 codicibus
638 4900 708 4951 bonse
729 4909 792 4952 notre
809 4901 898 4952 adsciri
911 4919 967 4953 curn
980 4904 1094 4968 Reislsio,

324 4973 441 5042 probante
451 4977 580 5027 wartono.
593 4979 655 5026 Nam
668 4986 744 5043 poetic
752 4975 871 5026 sententia
883 4976 934 5027 hec
948 4987 1003 5029 eat:
1018 4979 1058 5030 nii
1071 4987 1095 5028 et

325 5047 377 5097 dee
389 5049 414 5098 in
425 5047 516 5099 deliciis
525 5049 616 5100 habent
630 5050 753 5111 bubulcos,
764 5051 806 5101 sed
817 5053 907 5110 Euuioa
920 5051 995 5101 ιοίιιιιι
1009 5052 1096 5104 bubul-

324 5139 379 5172 cum
391 5134 543 5190 aspernatur,
552 5125 643 5176 ἀατιιιὰ
655 5127 738 5192 χείλεα
752 5127 836 5178 bilder.
850 5127 954 5195 Duplice
971 5128 1043 5194 igitur
1055 5147 1095 5194 ge·

325 5215 383 5249 nere
398 5199 491 5250 Eunioa
503 5201 636 5266 praegressis
648 5201 764 5267 exemplis
777 5203 887 5270 opposita
900 5211 945 5254 est.
961 5205 1039 5268 Pergit
1052 5205 1097 5254 bu·

326 5273 409 5324 bulcus
422 5283 568 5343 :propterea
582 5273 642 5332 tibi,
660 5293 676 5324 o
691 5276 763 5327 altera
780 5281 880 5341 Venus,
897 5279 976 5331 nultus
991 5296 1096 5346 uuquam

999 461 1216 524 PnAEFAmo.

1168 597 1196 640 tn
1208 589 1320 639 uetuekit
1331 589 1454 639 odilloner
1656 581 1878 660 tubaceditione:

1195 687 1242 747 44.
1264 676 1296 735 nir
1308 711 1343 722 -
1355 675 1432 734 itte.
1446 715 1695 734 ............
1701 670 1732 729 τὺ
1740 668 1869 748 -Ἄρια

1197 767 1243 834 45.
1265 763 1342 844 [solvo
1349 804 1738 826 ....................
1746 757 1829 838 μούνη

1481 865 1563 920 ΧΧῙ.

1214 950 1242 1010 4.
1264 939 1437 1021 ίπιψαίαῃσι,
1446 940 1491 999 τὸν
1501 937 1765 1018 tetenderuntque
1774 933 1818 993 τὸν
1828 931 1853 992 t.
1866 931 1914 1012 (ι)

1198 1051 1242 1091 10.
1263 1053 1293 1090 τε
1307 1031 1377 1102 λῆδα
1385 1072 1712 1090 .................
1720 1026 1818 1096 deinces
1832 1021 1877 1100 (a)

1198 1140 1242 1176 ια.
1262 1116 1336 1185 abet<
1350 1141 1380 1176 τε
1408 1159 1699 1178 ...............
1705 1112 1783 1172 κώπα
1799 1134 1827 1169 τε
1841 1107 1886 1188 (3)

1197 1212 1242 1267 ι3.
1264 1205 1362 1282 εἵματα
1373 1207 1446 1264 πῖλοι
1454 1248 1641 1265 ..........
1649 1196 1711 1280 εἷμα
1723 1201 1810 1272 τάπης
1819 1191 1852 1272 ἦν
1864 1198 1911 1274 (4)

1197 1297 1241 1353 16.
1262 1294 1341 1353 πενία
1352 1317 1412 1372 σφιν
1425 1294 1531 1373 ἑταίρα.
1544 1336 1551 1350 .
1565 1339 1571 1351 .
1585 1295 1676 1349 ,πενία
1688 1312 1754 1372 σφας
1766 1287 1854 1366 ἐτήρει
1865 1287 1911 1361 (5)

1196 1404 1240 1455 17·
1261 1392 1350 1464 παντᾷ
1356 1424 1707 1442 ..................
1714 1377 1793 1458 πενίᾳ
1810 1377 1854 1455 (6)

1193 1473 1240 1528 23.
1262 1469 1334 1552 φίρει
1351 1470 1417 1539 Ζεύς
1425 1513 1694 1530 ..............
1702 1465 1824 1548 φέρουσιν

1195 1559 1240 1616 25.
1264 1559 1301 1637 μὴ
1315 1558 1454 1637 λαθόμην;
1470 1559 1496 1617 τί
1504 1603 1591 1617 .....
1600 1557 1636 1634 μὴ
1651 1555 1713 1615 λάθε
1731 1555 1775 1632 μ’;
1792 1554 1809 1624 ἢ
1827 1553 1852 1612 τί
1865 1553 1911 1632 (7)

1195 1654 1242 1710 31.
1263 1653 1324 1723 νηὸς
1332 1691 1762 1711 ......................
1769 1646 1830 1712 ναός

1195 1741 1252 1813 3²·¹
1263 1739 1277 1764 '
1287 1739 1379 1820 νικαξῇ
1387 1782 1695 1800 ...............
1702 1735 1815 1814 νυσταξῇ
1830 1735 1872 1811 (8)

1136 1907 1239 1972 amplius
1252 1909 1354 1959 amasius
1366 1925 1444 1974 neque
1459 1908 1565 1958 urbanus
1578 1925 1656 1973 neque
1670 1909 1802 1956 rusticanus
1812 1903 1910 1952 coutin-

1134 1990 1173 2044 ραι
1184 1984 1190 2030 l
1201 1982 1285 2049 Κύπρι
1297 1983 1328 2032 ad
1341 1985 1456 2034 Eunicam
1472 1984 1546 2051 ipsam
1562 1996 1670 2050 spectare
1685 1983 1777 2049 primm
1789 1977 1909 2028 intellen‘n

1135 2055 1291 2106 Casaubonus
1301 2059 1378 2120 (Lect.
1400 2057 1503 2110 Theocr.
1515 2075 1535 2108 c.
1550 2063 1624 2114 xlx.
1638 2076 1663 2125 p.
1680 2061 1725 2106 132
1737 2057 1777 2108 ed.
1797 2053 1911 2116 hoinib).

1134 2129 1174 2179 cui
1186 2134 1300 2185 Wartou.
1310 2134 1413 2185 Palmer.
1427 2133 1467 2182 alii
1477 2133 1565 2182 assensi
1574 2141 1638 2182 sunt.
1653 2133 1720 2182 Idem
1734 2130 1837 2197 probans
1846 2132 1910 2176 Ηιϊ-

1135 2221 1237 2254 mannus
1252 2215 1364 2271 preterea
1382 2223 1427 2273 pro
1441 2209 1501 2258 ἁδέα
1512 2208 1633 2272 eleganter
1649 2207 1750 2271 conjecit
1764 2205 1805 2268 (in
1818 2203 1909 2252 Zimnr.

1134 2278 1224 2329 Diariis
1233 2281 1312 2346 antiq.
1324 2297 1346 2330 α.
1364 2283 1437 2342 ι837.
1448 2299 1475 2348 ρ.
1488 2284 1547 2345 231)
1561 2284 1645 2348 Ἄρεα,
1658 2280 1724 2346 quod
1732 2276 1909 2329 admittendum

1136 2354 1223 2418 putavi,
1233 2355 1364 2420 presertim
1373 2371 1448 2420 quum
1455 2355 1631 2406 Wordsworth.
1640 2353 1757 2404 inuenerit
1768 2353 1838 2419 plane
1845 2367 1910 2400 eaur-

1134 2427 1189 2477 dem
1203 2431 1366 2494 conjecturum
1379 2439 1450 2496 atque
1465 2439 1513 2480 tem
1526 2431 1596 2480 docte
1614 2430 1779 2487 illustraverit,
1799 2439 1824 2477 ut
1838 2427 1909 2491 cqui-

1134 2503 1190 2552 dcm
1200 2506 1357 2570 supersedere
1372 2507 1490 2573 potuerim
1503 2507 1666 2567 adnotatione,
1680 2522 1751 2573 quam
1763 2514 1832 2556 auten
1851 2503 1911 2554 huic

1135 2578 1378 2647 loeoadscripseram.
1390 2609 1420 2618 —
1435 2582 1465 2630 τὺ
1482 2581 1590 2633 Bruucls.
1603 2583 1705 2647 Ziegler.

1168 2654 1206 2717 (ι)
1223 2655 1312 2704 sustuli
1324 2656 1465 2706 incisionem
1481 2667 1614 2723 propterca,
1626 2656 1693 2722 quod
1706 2657 1788 2706 nescio
1804 2671 1833 2703 nu
1848 2671 1909 2703 arrr-

1136 2735 1207 2793 ptura
1217 2730 1310 2794 vulgata
1321 2730 1353 2778 ita
1367 2730 1466 2780 delendi
1478 2731 1563 2796 possit,
1573 2742 1598 2780 ut
1609 2748 1638 2781 ex
1647 2731 1762 2781 vocabulo
1775 2733 1817 2779 τὸν
1830 2728 1908 2778 ὕπνον

1135 2811 1214 2853 mente
1227 2805 1276 2855 tet
1292 2804 1379 2856 minoi
1397 2805 1556 2870 repetendum
1570 2808 1688 2870 cogitetur
1709 2812 1754 2857 τοῦ
1775 2805 1854 2855 ὕπνου
1878 2805 1909 2852 ad

1135 2877 1235 2928 verbum
1247 2879 1406 2944 ἐπιψαύαῃσι.
1418 2880 1534 2930 Similiter
1548 2884 1633 2931 xxm.
1650 2884 1680 2929 82
1695 2881 1727 2930 ita
1742 2879 1910 2946 explicandum

1136 2951 1241 3012 videtur,
1259 2962 1286 3001 ut
1299 2954 1440 3004 vocabulum
1457 2955 1532 3019 φόνον
1548 2955 1585 3005 bis
1600 2956 1703 3022 positum
1714 2972 1765 3005 esse
1783 2955 1910 3020 cogitetur.

1135 3027 1243 3091 σύναγον
1255 3027 1330 3093 φόνον
1346 3029 1364 3080 i.
1383 3045 1408 3095 q.
1424 3029 1498 3094 φόνον
1514 3027 1602 3096 τεῦχον
1617 3029 1653 3080 ἐπ’
1668 3031 1792 3090 ἀλλήλαισι
1809 3045 1833 3080 ν.
1850 3047 1909 3092 ¹9¹·

1136 3101 1174 3153 ct.
1186 3101 1285 3151 Siebelis
1296 3103 1322 3152 in
1334 3107 1436 3154 Pausan.
1451 3103 1500 3154 vol.
1509 3108 1544 3153 11.
1560 3121 1584 3169 p.
1600 3121 1640 3168 99.

1169 3176 1205 3242 (a)
1222 3177 1385 3226 Psaseuutihus
1398 3178 1542 3228 Boissouado
1556 3189 1629 3244 atque
1642 3180 1748 3242 Zieglero
1764 3188 1788 3228 et
1802 3178 1911 3244 proban-

1136 3250 1200 3300 tibus
1214 3250 1346 3318 Kieslingio
1357 3262 1431 3317 atque
1442 3253 1568 3302 Meinelsio
1580 3255 1659 3319 recepi
1675 3252 1775 3320 Briggsii
1786 3255 1911 3318 conjectu-

1136 3341 1186 3375 ram
1197 3327 1301 3389 δελῆτα,
1313 3327 1355 3376 sed
1366 3329 1456 3377 mutavi
1474 3338 1607 3380 accentum.

1169 3402 1204 3466 (3)
1222 3404 1257 3450 Er
1269 3401 1408 3468 Kiesslingii
1421 3401 1538 3467 [Brduels.
1548 3413 1573 3452 et
1582 3404 1673 3453 Stroth.
1690 3405 1817 3452 noluerunt
1826 3404 1911 3454 κῶπαί

1135 3477 1173 3541 τε]
1188 3477 1332 3541 conjecturo,
1342 3494 1415 3543 quum
1429 3478 1544 3527 suadente
1557 3477 1666 3528 Ahrcute
1675 3479 1725 3543 jum
1740 3477 1835 3526 admisit
1856 3479 1911 3528 Zic-

1136 3553 1221 3614 glerus.
1241 3552 1317 3613 ιιοίαι,
1330 3551 1421 3620 lapides
1439 3550 1522 3620 quibus
1547 3554 1609 3602 retia
1625 3551 1812 3620 gravabantur,
1833 3555 1912 3603 uoluit

1136 3626 1390 3691 Bergk.btns.1then.
1404 3646 1426 3677 a.
1444 3630 1516 3678 1836.
1527 3646 1552 3695 p.
1567 3646 1625 3681 aar.

1170 3701 1205 3763 (4)
1223 3701 1262 3750 Sic
1271 3711 1295 3749 et
1307 3701 1366 3751 mihi
1379 3703 1405 3751 iu
1422 3713 1526 3752 mentem
1542 3712 1639 3752 venerat
1652 3714 1677 3751 et
1689 3701 1803 3753 Absenti.

1170 3776 1207 3840 (5)
1224 3774 1251 3824 Id
1263 3773 1321 3824 mihi
1332 3776 1407 3825 latere
1421 3777 1445 3825 iu
1462 3778 1587 3843 scripturn
1603 3777 1763 3843 discrepantia
1779 3776 1857 3825 suurn
1874 3788 1913 3826 est

1136 3848 1178 3912 (ci.
1193 3849 1450 3908 Zimrnerm.a.1841.
1465 3870 1489 3916 p.
1505 3854 1574 3916 257).
1592 3853 1697 3902 Eandem
1718 3851 1912 3902 emendationem

1137 3923 1229 3972 invenit
1241 3921 1343 3982 bhrens,
1359 3935 1516 3991 preterquam
1530 3927 1594 3992 qnod
1606 3944 1645 3976 me
1660 3927 1748 3976 rectius
1758 3926 1851 3993 scripsit
1864 3927 1913 3975 im·

1138 3997 1268 4063 porlectum
1281 3999 1371 4063 ἐτήρει,
1385 4000 1426 4049 ubi
1437 4017 1480 4064 ego
1494 4003 1613 4050 volueram
1625 4003 1710 4068 ἐτήρη.

1171 4074 1209 4135 (6)
1227 4071 1255 4120 ld
1275 4073 1325 4134 J'am
1347 4078 1432 4123 Portus
1454 4075 1479 4123 iu
1499 4076 1564 4129 Dim.
1585 4081 1645 4128 Dor.
1666 4077 1807 4144 proposuit,
1826 4086 1912 4141 postea

1138 4152 1252 4198 Warton.
1266 4148 1372 4200 Bruncls.
1385 4165 1415 4198 ea
1428 4150 1511 4211 libris,
1526 4153 1567 4216 qui
1579 4151 1669 4201 habeut
1680 4154 1760 4202 πενία.
1771 4181 1804 4188 -
1818 4155 1851 4202 V.
1870 4155 1912 4206 18.

1137 4227 1166 4272 ln
1185 4221 1306 4288 τρυφερὸν
1320 4223 1419 4273 fortasse
1434 4225 1488 4274 latet
1504 4228 1641 4294 τρυφερόν,
1655 4238 1767 4278 novatum
1785 4245 1817 4294 ex
1838 4230 1914 4294 τρόφι

1138 4297 1214 4363 νεῦμα.
1229 4323 1262 4334 -—
1284 4301 1315 4349 V.
1336 4316 1366 4363 19
1383 4296 1483 4362 κοῦπω,
1496 4304 1560 4366 quud
1580 4304 1629 4352 duo
1648 4304 1720 4355 codd.
1743 4304 1913 4371 suppeditant,

1137 4372 1338 4424 fluxissevisletur
1349 4391 1377 4423 ex
1389 4379 1445 4424 VII.
1461 4393 1499 4426 ro.
1513 4405 1544 4413 -—
1555 4381 1588 4429 V.
1602 4381 1632 4428 23
1645 4379 1725 4428 sualim
1739 4381 1781 4428 ὅτε
1795 4377 1816 4427 τ’
1826 4378 1914 4444 ἄματα

1138 4468 1166 4499 eu
1177 4455 1251 4500 Hom.
1267 4449 1314 4500 Oti.
1330 4449 1360 4506 α’,
1373 4453 1430 4511 367.
1445 4453 1481 4502 Ci.
1495 4457 1577 4502 xxm.
1592 4456 1633 4504 55.

1172 4527 1207 4589 (7)
1224 4529 1261 4574 Ite
1278 4526 1430 4574 Herrnmruus
1451 4527 1569 4592 probante
1590 4529 1724 4580 Meinehio.
1737 4559 1770 4567 -
1783 4535 1815 4582 V.
1836 4533 1866 4579 30
1880 4530 1913 4581 οὗ

1139 4601 1236 4651 nebeim
1246 4599 1310 4656 libri,
1321 4601 1561 4665 aspribusdisccdere
1571 4620 1617 4652 nou
1627 4615 1739 4669 opusest.
1750 4605 1790 4656 Cl.
1802 4605 1913 4658 Mcineh.

1140 4679 1164 4726 iu
1178 4675 1272 4726 Musch.
1287 4679 1320 4724 II.
1339 4679 1394 4725 156.
1408 4677 1448 4725 nisi
1458 4679 1507 4742 jam
1521 4679 1692 4728 Wakefieldius
1706 4681 1796 4746 recepit
1807 4683 1861 4730 ὅττι
1873 4685 1914 4732 8έ-

1138 4755 1213 4812 inum.
1227 4751 1320 4814 Ziegler
1333 4751 1357 4800 ln
1371 4751 1419 4803 Th.
1435 4757 1492 4802 XV.
1507 4764 1548 4810 (ιι.
1565 4755 1660 4804 Absens
1673 4759 1711 4804 De
1723 4756 1782 4805 crasi
1794 4765 1818 4804 ct
1831 4756 1913 4821 opha-

1140 4826 1186 4876 resi
1199 4843 1224 4892 p.
1236 4844 1267 4873 nn
1282 4843 1319 4891 sq.

1156 4934 1158 4940 .
1174 4903 1212 4965 (8)
1230 4906 1266 4950 Ita
1280 4901 1385 4949 scribere
1398 4919 1467 4951 niseus
1480 4920 1531 4952 suin
1546 4921 1574 4952 ex
1593 4907 1748 4970 coniectura,
1768 4921 1840 4970 quam
1854 4905 1914 4956 olim

1142 4976 1264 5042 proposui.
1281 4975 1319 5027 Cl.
1341 4975 1437 5025 ithacus
1449 4981 1486 5026 De
1500 4979 1557 5030 diei.
1575 4983 1634 5031 Dor.
1649 4997 1674 5045 p.
1698 4983 1730 5043 89
1748 4990 1809 5038 uot.‚
1830 4979 1872 5028 ubi
1886 4980 1914 5032 in

1142 5055 1221 5118 Etym.
1237 5057 1273 5103 M.
1289 5061 1312 5100 et
1328 5057 1392 5103 Anu.
1406 5057 1471 5105 Oxx.
1486 5057 1622 5120 exemplum
1635 5057 1749 5112 νυστάξω
1770 5055 1868 5104 fortusse
1882 5073 1914 5106 ex

1141 5126 1188 5176 hoc
1201 5127 1253 5192 ipso
1268 5127 1392 5176 Theocriti
1405 5129 1457 5178 loco
1470 5139 1592 5196 sumptum
1606 5140 1651 5181 est.
1668 5135 1739 5180 Nunc
1752 5131 1777 5180 in
1790 5131 1853 5180 idom
1867 5149 1912 5180 uu·

1142 5203 1218 5274 σταξῇ
1231 5201 1341 5250 incidisse
1354 5203 1510 5253 Fritzscbium
1520 5222 1616 5270 qunque
1626 5223 1651 5272 p.
1663 5222 1694 5267 57
1710 5222 1763 5256 oum
1776 5223 1859 5271 inagna
1873 5207 1914 5257 lm-
2004 5233 2005 5248 ι

1143 5279 1196 5329 titia
1203 5276 1370 5328 arrimaduerts.
