4028 6042
835 520 1051 581 PRAErthO.
1597 536 1635 578 ru

233 672 387 745 quarum
401 647 514 720 dictio
531 649 622 720 adeo
636 665 712 721 erat
728 651 886 742 insolita,
905 668 946 723 ut
964 677 1024 724 eas
1040 654 1077 724 in
1092 651 1292 724 editionem
1308 667 1471 724 nostram
1486 655 1644 752 recipere

236 797 310 843 non
321 798 431 844 ausus
447 775 527 863 sim,
546 774 628 846 licet
644 775 792 847 forsitan
811 775 865 847 vel
880 778 993 874 ipsius
1008 778 1174 871 Dionysii
1191 777 1392 848 vel.saltem
1405 778 1645 876 paraphrasten

233 899 390 996 genuina
400 897 508 969 verba
521 897 715 970 exhibeant
725 925 732 968 :
742 900 793 970 sic
809 899 1040 998 prmfilegitur
1049 907 1108 973 ὑπὸ
1118 905 1173 983 τὰς
1184 905 1322 998 θάμνους,
1331 901 1397 973 lib.
1414 903 1496 974 eod.
1514 929 1592 1001 cap.
1605 931 1643 974 2:

235 1025 302 1102 Διὸς
320 1026 485 1118 σκήπτροις
505 1025 602 1118 ἀγχοῦ
616 1027 670 1107 τὸν
695 1027 835 1119 κέραυνον
853 1019 1062 1113 ἐπικαθῆσθαι,
1080 1041 1115 1096 et
1141 1050 1220 1123 cap.
1245 1025 1291 1096 30
1320 1030 1446 1124 πότερον
1463 1031 1489 1098 εἰ
1522 1032 1563 1110 εἰς
1593 1025 1642 1099 tt.

235 1152 367 1241 ἐμπεπτ.
384 1176 413 1217 κ.
434 1141 464 1216 δ.
482 1176 536 1218 πτ.
556 1169 602 1243 p:
625 1152 650 1217 ri
668 1143 703 1218 δὲ
719 1151 800 1219 κατὰ
814 1179 842 1218 τ.
856 1179 888 1247 γ.
910 1155 962 1238 ἐν.,
977 1153 1089 1248 καιρὸς,
1106 1179 1136 1220 κ.
1153 1179 1184 1220 τ.
1198 1160 1229 1221 λ.

284 1271 555 1369 supplementa,
581 1273 698 1344 ecod.
720 1275 827 1345 Paris.
844 1273 1011 1346 desumta
1025 1299 1122 1346 nova
1144 1275 1310 1346 versione
1330 1274 1442 1347 latina
1460 1278 1615 1350 instruxi
1636 1305 1643 1348 :

236 1396 440 1467 versionem
459 1398 739 1487 Gesnerianam,
761 1397 845 1468 licet
865 1400 949 1470 satis
963 1399 1181 1495 elegantem,
1211 1399 1275 1470 ubi
1291 1425 1366 1470 non
1382 1400 1539 1498 amplius
1559 1427 1643 1473 cum

235 1522 356 1617 graecis
377 1521 583 1592 consentire
599 1522 802 1612 videbatur,
817 1523 906 1594 hinc
919 1524 1006 1595 inde
1019 1525 1067 1596 ad
1083 1524 1181 1596 hanc
1198 1551 1364 1597 normam
1385 1526 1524 1621 exigere
1536 1552 1645 1599 cona·

238 1661 294 1716 tus
311 1672 404 1718 sum.
423 1646 649 1719 Monendum
663 1662 795 1737 tamen,
815 1647 915 1719 hanc
936 1649 1142 1720 versionem
1159 1674 1270 1746 quam
1290 1649 1384 1720 duce
1404 1649 1485 1721 cod.
1507 1655 1646 1724 Veneto
1686 1716 1689 1721 .

197 1839 199 1844 ,
236 1786 468 1842 contexuerat
483 1771 536 1842 vir
550 1770 783 1843 doctissimus
799 1772 985 1868 (Br'blr'otlr.
1003 1774 1041 1845 in
1058 1775 1230 1873 Oppiano
1242 1775 1267 1869 ),
1286 1775 1416 1872 saepius
1435 1777 1547 1874 magis
1564 1803 1646 1848 curn

237 1911 362 1967 nostro
382 1895 508 1967 codice
528 1921 638 1994 quam
658 1922 743 1967 curn
768 1912 939 1968 contextu
970 1899 1233 1996 Windingiano
1258 1901 1478 1972 consentire.
1510 1907 1646 1973 Futuro

238 2021 351 2092 nostri
374 1996 540 2116 Dionysii
566 2021 699 2092 editori
716 2022 908 2092 incumbet
928 2046 1013 2092 cura
1036 2022 1248 2094 excutiendi
1269 2049 1354 2094 curn
1379 2025 1462 2096 cod.
1480 2027 1644 2099 Vindob.

236 2144 970 2242 cujusmeminitbarnbecius(Comment.
984 2145 1030 2216 de
1039 2145 1168 2218 illustr.
1186 2147 1441 2240 Bibl.Caes.VI,
1451 2155 1491 2239 11,
1502 2150 1583 2222 cod.
1599 2149 1647 2246 5),

238 2283 314 2340 tum
342 2269 423 2340 cod.
446 2269 749 2359 Escorialensem,
765 2270 811 2341 de
826 2296 899 2368 quo
921 2269 1003 2341 vide
1027 2271 1125 2342 doct.
1154 2272 1269 2344 Miller
1287 2273 1301 2369 (
1318 2279 1530 2346 Manuscrits
1546 2301 1649 2375 grem

235 2395 280 2464 de
297 2393 501 2480 t’Escartat
522 2399 635 2478 Paris,
665 2395 766 2484 1848,
788 2397 845 2483 4¹⁰,
861 2421 898 2492 p.
922 2395 987 2466 188
1006 2398 1029 2490 ).
1048 2396 1210 2468 Everbis
1230 2421 1310 2495 q‘uae
1323 2414 1491 2470 nostrum
1514 2401 1650 2498 Diony-

237 2519 332 2589 sium
349 2519 386 2588 in
405 2518 478 2590 hoc
495 2518 578 2590 cod.
598 2517 775 2590 inchoant
791 2529 803 2615 t
818 2524 845 2590 οἱ
860 2524 945 2591 ἀετοὶ
961 2522 1135 2616 πλεῖστον)
1157 2521 1339 2620 conjicere
1353 2523 1448 2614 licet,
1469 2549 1552 2595 eum
1567 2551 1650 2623 sup-

236 2641 429 2740 plementis
453 2668 572 2715 carere
591 2668 671 2742 quae
690 2670 709 2714 e
733 2645 813 2715 cod.
833 2647 941 2717 Paris
963 2646 1191 2718 exhibemus.
1217 2649 1469 2720 Adnitendum
1492 2649 1650 2747 denique

236 2767 364 2851 erit‚ut
379 2767 501 2838 denuo
517 2769 743 2866 reperiantur
760 2769 843 2841 cod.
862 2775 1036 2861 Venetus,
1055 2797 1130 2870 quo
1142 2799 1230 2844 usus
1242 2789 1298 2844 est
1314 2778 1498 2845 Gesnerus
1515 2789 1551 2845 et
1566 2773 1647 2845 cod.

238 2883 455 2976 Vaticanus,'
479 2890 583 2986 cujus
617 2889 867 2990 apographum
894 2895 931 2965 in
960 2895 1155 2969 condenda
1188 2898 1350 2972 editione
1382 2925 1447 2970 sua
1482 2899 1651 2972 adhibuit

238 3013 471 3111 Windingius
491 3017 543 3111 (1)
572 3042 579 3084 :
607 3016 738 3089 frustra
765 3033 885 3089 tamen
916 3020 962 3091 de
977 3019 1036 3092 his
1060 3022 1169 3094 codd.
1202 3023 1343 3121 aliquid
1362 3026 1451 3097 certi
1474 3027 1648 3122 expiscari

236 3154 388 3210 conatus
405 3165 501 3211 sum.

369 3383 480 3470 Scripsi
502 3385 598 3450 Nonis
617 3383 794 3450 Februariis
810 3389 909 3451 taor.

274 3604 312 3684 (ι)
328 3609 351 3663 Ε
366 3627 492 3682 quonam
508 3610 577 3666 cod.
601 3612 804 3688 transcriptum
829 3621 902 3670 esset
916 3610 1036 3668 alterurn
1053 3611 1252 3687 apographum
1266 3611 1312 3668 cui
1327 3610 1483 3669 editionem
1508 3631 1587 3670 suam
1597 3632 1648 3671 sn-

233 3715 398 3792 perstruxit,
408 3715 503 3774 dicere
518 3719 644 3792 neglexit
657 3721 700 3775 vir
710 3719 824 3776 doctus.
