3992 6078
306 309 359 357 tto
710 297 913 356 ΣΕΡΒΙΛΙΟΥ
935 299 1221 357 ΔΑΜΟΚΡᾹἸὈΥΣ
1242 299 1291 356 ΤΑ
1315 300 1504 359 salmana,

351 427 404 487 Τὸν
416 427 556 505 λεγόμενόν
568 451 596 485 τε
609 428 731 508 θηριακὸν
744 429 924 514 πεπονημένοι

353 515 485 594 Ἀρτίσκον
499 514 567 573 οὕτω
581 515 693 592 γεγονόθ’
709 519 743 582 ὡς
758 517 931 594 ύποδείξομεν·

313 625 339 663 σο
352 601 445 663 Ἔστιν
460 602 511 684 γδιρ
522 595 595 668 οὗτος
609 607 661 662 τῶν
673 605 760 660 καλῶν
776 607 804 662 ἐκ
818 605 965 680 μιγμάτων.

354 689 454 750 Λαθὼν
470 691 572 769 ἐχίδνας
586 690 630 757 τὰς
645 692 747 762 ἀληθεῖς
764 699 804 748 τοῦ
820 694 906 770 θέρους

306 801 310 809 ·
355 779 411 844 Τὰς
426 778 578 858 ἀρτιθήρους
590 777 635 844 τὰς
649 779 765 854 μεγάλας
779 786 813 845 ὡς
826 781 921 852 εἴκοσι,

356 867 450 947 Μικρῷ
461 891 488 925 τε
502 866 618 932 πλείους
630 869 661 926 οὐ
673 867 724 948 γάρ
740 869 791 925 ἐστ’
807 872 891 926 αὐτῶν
904 870 983 942 πολὺ,

352 953 389 1016 ⁶0
405 956 444 1014 δεῖ
454 955 582 1021 λαθόντας
595 956 721 1012 σκευάσαι
735 963 764 1013 τὸ
777 957 923 1036 φάρμακον.

225 1069 228 1076 ·
312 1065 339 1104 'lu
353 1045 414 1102 Τῶν
429 1043 476 1119 μὲν
490 1044 611 1122 κεφαλῶν
623 1043 754 1124 ἀπόκοψον
769 1049 804 1110 ὡς
818 1055 884 1123 τρεῖς
900 1047 1056 1112 δακτύλους,

355 1134 451 1210 Μικρῷ
462 1155 490 1188 τε
505 1130 607 1196 πλείους
617 1136 668 1188 τῶν
683 1133 735 1189 ἀπὸ
751 1137 796 1202 τῆς
808 1137 884 1213 οὐρᾶς
898 1139 992 1214 μερῶν·

356 1220 464 1295 Πρῶτον
481 1219 527 1294 μὲν
540 1220 667 1297 κεραλδις,
684 1211 738 1276 ε’ίτα
752 1219 798 1285 τδις
809 1221 886 1302 οὐρθις
898 1223 971 1280 τότε·

354 1309 439 1365 Τοῦτο
451 1307 477 1364 δὲ
492 1311 574 1364 ποιεῖν
589 1309 643 1380 δεῖ,
655 1309 811 1386 προσφάτων
827 1313 916 1376 ζωσῶν
934 1311 956 1367 τ’
971 1311 1022 1366 ἔτι·

356 1385 421 1453 Eleu
436 1395 583 1473 περιδείρας
599 1395 706 1476 ῥαδίως,
722 1402 756 1462 ὡς
772 1398 903 1476 ε’γγέλεις,

312 1502 339 1541 ιε
351 1477 487 1542 'limante'
500 1484 525 1540 τ’
540 1486 616 1548 αὐτὸς
629 1482 715 1541 καὶτὸ
729 1484 802 1550 λίπος
818 1488 902 1543 αὐτῶν
917 1487 995 1558 ἅπαν,

354 1569 460 1638 Πλύνιις
473 1593 498 1628 τε
512 1575 643 1651 καθαρῶς,
657 1575 693 1638 εἷς
703 1574 825 1631 λοπάδιον
839 1575 943 1646 ἐντίθει,

351 1661 442 1736 Ξηροῦ
454 1659 477 1716 τ’
490 1658 585 1727 ἀνήθου
598 1657 747 1740 σύμμετρον
764 1665 903 1736 δεσμίδιον,

351 1743 466 1812 ’Υδατος
481 1745 508 1804 δὲ
523 1749 634 1826 τάρκοῦν
647 1749 797 1828 παραχέας,
813 1750 868 1830 ἕψει
884 1752 962 1830 μέχρι

355 1835 388 1894 Ἡ
401 1831 465 1913 σάρξ
478 1837 580 1914 ἀποστῇ
594 1837 687 1914 ῥαδίως
699 1841 750 1894 τῶν
763 1837 868 1894 ὀστέων·

312 1943 340 1982 ω
352 1923 392 1983 Tb
407 1923 531 1981 λοπάδιον
546 1922 573 1980 δὲ
587 1923 720 2001 βαστάσας
735 1925 787 1982 ἀπὸ
799 1932 842 1982 τοῦ
858 1930 951 2007 πυρὸς,

353 2013 415 2070 Τῶν
427 2009 555 2088 ἀσταρίων
566 2009 613 2080 τὴν
627 2011 712 2089 σάρκα
725 2013 842 2092 καθαρὰν
856 2015 982 2073 nullane·

352 2099 459 2170 Στήσας
470 2097 582 2177 ίσυὸαρῆ
594 2099 692 2170 ταύτης
706 2101 821 2180 ἀκριὸῶς
835 2105 951 2179 σταθμόν

353 2191 409 2259 Τῆς
424 2187 535 2267 σαρκὸς,
548 2187 626 2268 ἄρτου
640 2194 686 2246 τοῦ
701 2196 816 2266 καθαροῦ
831 2197 875 2248 τού
888 2193 1009 2271 πυρίνου,

356 2277 510 2356 Πρόσμισγε
526 2275 570 2334 καί
585 2276 685 2348 λέαινε,
700 2279 842 2356 παραγέων
858 2280 943 2358 βραχὺ

312 2389 338 2426 οι
351 2369 406 2426 Τοῦ
420 2364 566 2442 ζωμαρίου,
581 2369 662 2421 ποιῶν
675 2389 702 2422 τε
716 2367 800 2423 λεπτὰ
813 2368 960 2444 πέμματα,

351 2454 482 2535 Ξιίραινε,
494 2452 540 2510 καί
552 2455 609 2531 χρῶ
626 2457 757 2533 θηριακοῐς
773 2455 922 2532 ἀρτισκίοις.

353 2538 535 2606 Σκιλλιτικοίις
548 2539 575 2597 δὲ
587 2541 722 2605 σκευάσεις
737 2541 804 2597 οὕτω
818 2543 904 2598 πάλιν·

351 2635 400 2709 Τῷ
414 2628 562 2710 πυραμιίγτῳ
575 2628 685 2684 σκίλλαν
698 2631 823 2704 εὖμεγεθῆ
835 2631 923 2687 λαύιίιν

355 2717 459 2789 Λευκήν
473 2740 518 2788 τε,
535 2715 647 2792 κάθηρον
663 2715 748 2774 πάντα
764 2718 805 2774 τὸν
821 2717 896 2796 ξηρὸν
913 2720 1009 2798 ρλοιόν.

311 2829 338 2868 oo
353 2811 449 2868 Πᾶσαν
464 2803 491 2864 δὲ
505 2804 577 2884 ῥίζαν
589 2803 635 2874 τὴν
650 2803 750 2874 ξυλώδη
763 2805 879 2881 περίελε,

355 2893 448 2954 Σταιτί
462 2915 490 2950 τε
506 2891 670 2970 περιπλάσας
684 2890 778 2964 ἔμύαλ
792 2892 872 2962 αὐτὴν
886 2897 921 2960 εἰς
936 2895 1016 2950 ἰπνόν·

351 2979 439 3042 Ὅταν
450 2979 477 3038 δὲ
491 2981 600 3056 νομίσῃς
613 2979 680 3036 πάνυ
693 2971 782 3058 [εἶναι]
797 2983 883 3046 καλῶς
897 2983 989 3052 ὀπτὴν,

352 3069 422 3130 Τότε
437 3067 535 3138 στήσας
550 3061 630 3137 αὐτῆς
644 3066 702 3125 ὅσον
717 3068 773 3144 άγει
786 3069 873 3148 λίτρας
890 3070 983 3148 βάρος,

353 3158 446 3236 Ταύτῃ
460 3156 607 3233 κατάμισγε
620 3156 766 3234 λεπτοτάτῃ
782 3157 844 3232 μίαν
857 3156 940 3234 ἥμισυ

314 3267 342 3307 νε
357 3247 455 3325 Λίτραν
469 3243 579 3323 ἀλεύρου
592 3244 725 3321 γεγονότος
743 3245 930 3325 πεφρυγμένων

354 3333 474 3413 Ὀρόύων
489 3335 530 3390 ἐπ’
543 3334 641 3410 ὀλίγον,
658 3333 702 3390 καί
714 3339 881 3412 ’παραχρῆμα
894 3336 1044 3414 λεοτριύῶν,

354 3420 470 3491 Ποίησον
482 3417 550 3478 ούτω
562 3420 646 3478 λεπτδι
661 3422 729 3479 πάνυ
744 3423 899 3496 κυκλίσκιοι,

353 3509 432 3589 Ξηρά
444 3531 471 3566 τε
483 3508 606 3585 γινόμενα
622 3513 717 3578 στῆσον
731 3502 748 3588 ᾗ
764 3511 838 3588 [στί]
855 3534 895 3568 σοι
912 3511 984 3591 φίλον

357 3601 461 3658 Βαλεῖν.
477 3599 601 3656 Τοιοῦτον
618 3597 703 3673 μίγμα
717 3599 820 3675 γεγονὸς
832 3600 868 3673 μὴ
885 3601 954 3656 πάνυ

302 3691 340 3747 loo
352 3685 408 3756 Τὴν
422 3683 550 3762 θηριακήν
565 3707 593 3741 τε
608 3684 751 3760 λεγομένην
765 3689 880 3766 ἀπορῇς,
896 3701 997 3766 ρρασω,

352 3765 401 3833 Ἧι
415 3772 460 3831 καί
475 3770 635 3846 λέγουσιτὸν
649 3773 814 3849 Μιθριδάτην
830 3775 977 3852 χρώμενον,

353 3863 416 3921 ”οτ’
430 3858 523 3938 ἐγένετ’
540 3861 610 3937 αὐτῷ
623 3859 755 3937 θανάσιμα
769 3866 837 3918 πιεῖν
850 3863 976 3941 φάρμακα

353 3950 451 4010 ‘Anao’
462 3947 564 4026 ἀνάγκη
581 3946 649 4021 μετὰ
663 3946 761 4004 τέκνοιν
775 3951 980 4029 πολεμουμένῳ,

356 4037 440 4099 Αύτδν
456 4037 547 4113 μὲνού
565 4035 656 4114 λαθεῖν
668 4058 735 4100 τινος
752 4036 871 4107 αἴσθησιν
887 4039 1004 4115 βλάύης,

302 4150 341 4188 ms
356 4127 435 4208 Ξίφει
450 4128 473 4184 δ’
487 4123 654 4204 ἀναιρεθέντα
667 4129 829 4204 περιγραρῆς
844 4135 941 4205 τυχεῖν,

353 4216 407 4281 Τδις
419 4216 440 4273 δ’
457 4208 489 4273 αὖ
504 4212 646 4293 θυγατέρας
658 4213 802 4270 ἀποὸαλεῒν
817 4217 853 4293 τῷ
866 4215 1006 4294 φαρμάκῳ.

355 4303 470 4385 Σκεύσζε
483 4304 506 4360 δ’
518 4300 615 4371 αὐτήν·
629 4301 768 4359 σκιλλίνων
781 4301 938 4360 κυκλισκίων

355 4393 400 4460 Δίς
416 4391 498 4450 είκοσι
512 4389 633 4470 δραχμὰς
648 4389 694 4446 καί
707 4389 796 4468 ἑτέρας
812 4389 849 4454 δίς
863 4389 1005 4468 τέσσαρας’

357 4479 508 4558 Ἀρτισκίων
523 4477 550 4536 δὲ
564 4481 696 4557 θηριακῶν
709 4477 746 4543 δίς
759 4477 877 4535 δώδεκα·

302 4591 340 4630 llo
354 4568 473 4633 Μέλανός
486 4589 513 4624 τι
529 4569 663 4646 πεπέρεως
677 4567 721 4625 καί
734 4567 808 4625 δπίου
824 4566 867 4624 καὶ
883 4568 1019 4644 μάγματος

354 4661 445 4736 Ξηροῒι
460 4656 543 4714 πάλαι
557 4655 695 4726 κληθέντος
709 4655 838 4734 ἡδυγρόου
850 4656 946 4732 μύρου,

354 4748 416 4806 Τῶν
430 4749 454 4803 τ’
469 4743 496 4808 ἐξ
511 4743 622 4802 ἑκάστου
634 4744 765 4820 μίγματος
780 4744 817 4810 δίς
830 4745 947 4801 δώδεκα·

356 4835 445 4913 Ξηροῦ
460 4831 631 4912 γλυκυρρίζης
642 4832 724 4910 χυλοῦ
741 4830 860 4911 δραχμὰς
875 4831 937 4888 δέκα

357 4923 412 4982 Καί
426 4920 464 4980 δύ’
478 4920 522 4979 ἐπὶ
535 4919 657 4994 ταύταις,
672 4920 717 4979 καί
732 4923 811 5000 ροδῶν
826 4919 909 4998 ξηρῶν
926 4919 996 4990 ἴσας,

305 5035 341 5073 lto
358 5011 411 5072 Kal
422 5007 607 5084 κινναμώμου,
623 5009 668 5066 καί
683 5009 871 5084 ὀποὸαλσάμου
885 5011 978 5078 καλοῦ,

356 5090 407 5166 *lla
417 5098 440 5157 τ’
455 5098 577 5176 Ἰλλυριοί
592 5097 739 5174 πέμπουσιν
753 5097 811 5163 ἴσας
825 5097 900 5176 ἴρεως
906 5111 922 5169 ,-

1105 473 1109 538 ,
1131 441 1159 486 El
1169 436 1314 486 Tlieriacnm
1324 437 1474 486 elaboratum
1487 439 1567 499 (siout
1575 443 1665 488 vocant
1675 457 1683 496 l

1130 533 1253 581 Pastillum
1262 532 1296 579 sia
1305 534 1456 594 conlectum,
1468 533 1495 580 ut
1503 532 1677 592 ίιιιίίσυίιίιιιυες

1130 631 1189 676 Nam
1200 628 1251 676 sieri
1261 627 1333 676 debet
1345 627 1527 676 medicamentis
1539 629 1615 676 bonis.

1130 726 1220 770 illslalo
1229 723 1331 784 grandes
1345 723 1440 783 viperas
1453 725 1480 771 tu
1491 713 1528 771 bis
1543 725 1635 779 docem.

1131 821 1237 866 Venator
1247 821 1329 878 captas
1337 831 1397 879 quas
1407 821 1515 866 recenter
1525 820 1606 868 attulit

1129 916 1228 972 Sumus,
1240 913 1277 960 νεί
1292 913 1385 973 plurem
1396 927 1502 974 namque.
1514 929 1587 975 parva
1600 917 1669 978 copia

1131 1008 1187 1056 linlo
1196 1007 1331 1055 adliiliemla
1343 1011 1379 1055 ost
1389 1009 1525 1057 antidotum
1535 1024 1582 1071 qna
1593 1025 1719 1072 praepares.

1130 1108 1211 1158 Quum
1222 1115 1354 1164 praeparas,
1365 1108 1415 1150 tres
1425 1104 1511 1163 digitos
1524 1109 1624 1165 amputa
1634 1111 1715 1167 eaput,

1130 1198 1251 1258 Pauloque
1262 1199 1362 1245 sanilam
1375 1200 1458 1258 mamis,
1469 1200 1532 1247 haim
1545 1204 1606 1261 post,
1620 1203 1679 1250 iilud
1693 1203 1754 1263 orins

1130 1295 1242 1340 Detracta
1253 1293 1307 1340 hinc
1320 1297 1376 1341 cute
1387 1297 1414 1341 ut
1426 1296 1538 1356 anguillis
1550 1297 1674 1355 facillime,

1129 1391 1215 1436 Totam
1226 1389 1319 1436 eximes
1330 1389 1435 1451 ipsarum
1449 1391 1653 1452 pinguitudinem,

1131 1487 1164 1530 ito
1176 1485 1304 1543 postquam
1316 1483 1360 1530 rite
1371 1483 1457 1530 laveris
1466 1519 1473 1542 ‚
1483 1485 1598 1534 dimittito
1609 1489 1632 1534 in

1130 1580 1239 1625 l'alinam
1250 1581 1274 1626 el
1283 1577 1428 1624 molioerein
1438 1580 1521 1626 anethi
1536 1580 1675 1629 laseionlnm
1685 1583 1748 1638 anili„

1128 1673 1210 1720 alfuso
1223 1686 1292 1733 aqum
1305 1675 1369 1732 quud
1385 1675 1441 1736 ipsis
1450 1676 1547 1734 sullieil,
1561 1691 1648 1738 eoque,

1131 1769 1212 1812 Dones
1222 1779 1277 1812 caeo
1288 1768 1408 1828 relinquat
1421 1782 1473 1817 ossa
1484 1771 1631 1830 pmmplium

1130 1862 1233 1908 t‘ostllac
1243 1862 1274 1908 ab
1285 1862 1337 1923 igno
1348 1866 1454 1922 patinam
1466 1879 1521 1912 cum
1534 1869 1676 1926 removeris,
1722 1885 1725 1893 ·

1129 1958 1208 2004 Solam
1221 1958 1323 2005 revulsis
1333 1957 1428 2005 ossibus
1437 1972 1534 2007 carnem
1546 1962 1621 2022 tegam

1130 2050 1221 2111 liquati
1231 2065 1327 2099 oannem
1340 2054 1408 2112 panis
1415 2057 1495 2114 nqnel
1505 2055 1623 2115 pondere,

1131 2148 1199 2218 l'nnis
1209 2148 1316 2195 triticeus
1326 2163 1401 2209 qim-ns
1411 2163 1439 2196 ne.
1451 2153 1523 2198 lritus
1535 2153 1608 2212 prole.
1620 2172 1625 2200 :

1130 2244 1191 2290 linio
1204 2244 1328 2304 paululum
1339 2244 1487 2292 ‹leoocnonis
1497 2246 1585 2305 jusouli

1129 2339 1240 2386 Fundons
1249 2353 1330 2400 super,
1344 2341 1466 2401 placentas
1475 2344 1560 2390 tenues
1574 2343 1668 2406 lingilo;

1129 2435 1222 2481 Sil-,mlo
1232 2437 1256 2482 el
1268 2433 1367 2494 pastillis
1379 2435 1491 2484 llieriauis
1501 2439 1583 2486 utitor.

1132 2533 1161 2575 Αῑ
1173 2528 1276 2575 soillinos
1289 2529 1334 2576 lioc
1344 2543 1427 2576 rnirsus
1437 2532 1535 2590 altinges
1548 2535 1620 2583 mollo
1632 2555 1638 2583 ι

1129 2625 1279 2672 1θιίίίιιιιιευίι
1292 2639 1392 2674 messem
1405 2629 1576 2688 magnitudinis
1586 2631 1655 2680 bonu

1132 2728 1265 2788 illininque
1274 2731 1395 2789 sumntum
1406 2731 1458 2777 tulo
1469 2745 1541 2794 piirga
1552 2736 1653 2794 cortice,

1132 2825 1234 2870 Omnem
1248 2823 1357 2871 eximens
1367 2825 1470 2872 ralliuem
1482 2826 1597 2886 lignosum
1607 2831 1727 2894 nudique;

1132 2921 1155 2963 ln
1168 2917 1264 2964 sumum
1276 2929 1337 2976 pono
1351 2919 1424 2965 tritici
1434 2933 1513 2967 massa
1524 2921 1618 2982 illitum,

1131 3015 1208 3072 ,itque
1217 3011 1316 3058 onmino
1331 3015 1425 3060 coctam
1436 3027 1491 3060 eum
1507 3017 1676 3076 perfectissimo

1132 3105 1262 3164 Pulmonis,
1275 3105 1326 3163 ejus
1338 3106 1420 3153 libram
1432 3121 1506 3154 unam
1522 3114 1629 3165 sumito;

1132 3199 1193 3245 Huic
1202 3198 1263 3244 ιιιίιίο
1272 3199 1440 3260 sesquilibram
1452 3201 1614 3252 suliulissinm

1133 3294 1185 3339 linui
1198 3294 1280 3341 larium
1290 3294 1415 3353 palilnlum
1427 3297 1545 3354 retorriili;

1132 3391 1199 3434 'lune
1214 3389 1296 3446 leviga
1306 3389 1401 3445 statim,
1412 3392 1470 3438 luno
1481 3405 1608 3453 perparvas
1619 3400 1682 3444 rotas

1133 3485 1187 3540 Fan,
1198 3496 1258 3543 quas
1268 3483 1367 3530 siccatas
1379 3485 1455 3533 comlu
1465 3499 1513 3546 quo
1525 3487 1578 3534 loon
1589 3490 1656 3538 libel.

1132 3581 1166 3624 lle
1175 3578 1205 3624 sil
1218 3578 1316 3624 mislura
1327 3578 1407 3638 ignoto
1418 3583 1467 3626 lam
1477 3582 1555 3639 gravis
1566 3581 1608 3630 tilii

1131 3672 1272 3720 'llieriueum
1283 3687 1356 3734 qnam
1370 3673 1464 3732 «linunt,
1474 3676 1541 3738 anili,
1552 3677 1603 3738 iam
1617 3681 1741 3740 proneam.

1133 3772 1265 3817 tineosum
1278 3781 1375 3830 qnoque
1390 3769 1461 3817 luisse
1476 3771 1642 3822 Mithridatem
1654 3777 1742 3832 lei-nul,

1133 3862 1213 3912 Quum
1229 3856 1310 3904 liiliem
1321 3857 1498 3906 inedieamonla
1508 3874 1563 3907 enm
1574 3863 1701 3912 necessitas

1107 3928 1111 4017 ί
1133 3952 1208 3998 ‚loma
1219 3953 1298 3998 omnis
1309 3951 1406 3998 bellanti
1420 3967 1475 4000 eum
1486 3953 1566 4001 liberis
1576 3955 1635 4014 luit;

1134 4040 1226 4087 Nullius
1237 4040 1286 4100 inse
1296 4053 1366 4087 noxus
1376 4054 1471 4088 sensum
1482 4043 1593 4105 pertulit,

1132 4127 1243 4174 sellense.
1255 4128 1413 4174 ‹letrunmtns
1423 4131 1496 4176 uitam
1511 4132 1626 4192 γιοιιίίιίίίς

1133 4219 1218 4262 (tinum
1228 4229 1285 4262 vem
1298 4219 1355 4276 γιοίιι
1366 4217 1509 4265 interierunt
1522 4220 1655 4280 γιίιιιιιιιαιί.
1725 4269 1729 4278 ,

1135 4307 1209 4364 ipsam
1222 4304 1258 4351 tac
1271 4305 1305 4352 sio
1319 4319 1323 4346 ι
1336 4305 1549 4367 scilliticomnnque
1560 4309 1655 4357 orllium

1136 4392 1266 4439 lnnelunns
1279 4393 1359 4453 viginti
1371 4393 1419 4450 nis,
1431 4395 1490 4442 alias
1500 4395 1536 4444 bis
1545 4399 1676 4456 quattuoi·;

1133 4482 1305 4529 <limianorum
1316 4481 1411 4530 orbium
1422 4483 1504 4544 viginti
1515 4489 1639 4546 quattuol,

1133 4571 1244 4631 Nigrique
1255 4571 1354 4631 piperis,
1365 4571 1411 4631 opii
1422 4575 1447 4619 el
1456 4572 1511 4620 siuui
1526 4575 1661 4636 magmatis,
1703 4587 1706 4594 ’

1108 4655 1111 4733 γ
1133 4658 1203 4712 Οιιυιί
1217 4658 1352 4718 Ιιοιίγείιιυιι
1361 4659 1484 4720 quondam
1498 4661 1620 4710 vocabunt
1629 4663 1740 4724 ungnina.

1109 4736 1111 4761 ¹
1134 4747 1171 4794 llis
1181 4747 1328 4805 singulorum
1339 4746 1467 4795 duodecim
1479 4749 1601 4808 denarium

1109 4785 1111 4867 ί
1133 4835 1255 4884 llailinulm
1265 4836 1341 4883 ‹luleis
1353 4840 1417 4885 suooi
1430 4837 1504 4885 urium
1516 4839 1599 4887 ‹lei-em

1134 4929 1212 4984 iltqne
1224 4925 1319 4985 insuper
1333 4925 1407 4982 iliius,
1420 4939 1480 4973 nism
1491 4927 1652 4988 stermonius,

1136 5016 1162 5060 El
1176 5014 1337 5070 mummolini,
1349 5014 1378 5062 nn
1391 5015 1442 5060 lune
1452 5016 1599 5076 upulmlmmi
1611 5016 1664 5064 lnmi

1108 5105 1112 5151 l
1134 5105 1212 5164 litque
1224 5103 1284 5150 ireos
1294 5116 1366 5164 qumi
1380 5095 1469 5164 qnu't'ei'l
1482 5105 1559 5163 illyria
1570 5105 1650 5164 nuliis,
