3992 6078
498 397 664 458 suaviust
685 396 937 458 nnuocnnnls
957 397 1048 471 011AE
1068 399 1307 461 SUPERSUNT.

151 534 249 589 Λευκοῦ
264 531 287 587 τ’
304 531 445 608 άγαρικοῦ,
461 529 594 608 βουνιάδος
604 534 649 586 τοῦ
664 528 828 609 σπέρματος,

147 619 255 678 Τούτων
270 617 381 676 ἐκάστου
395 616 441 683 τάς
453 617 512 684 ίσας
526 618 651 676 δυώδεκα·

150 707 204 766 Καὶ
219 705 338 784 σκορδίου
353 707 383 763 ἐκ
398 704 505 784 Κρήτης
517 704 555 763 ἑνὶ
567 704 664 762 τούτων
678 703 747 762 ἴσον·

95 816 134 854 lau
148 795 286 876 Σμύρνης,
302 794 411 872 κρόκου,
429 797 476 873 dd,
491 793 689 872 πετροσελίνου,
703 792 852 871 στοιχάδος,

149 887 241 964 Ξηράς
252 882 433 958 καλαμίνθης,
446 880 626 960 πενταρύλλου
641 879 739 958 ριζίων,

149 972 203 1031 Καὶ
215 977 260 1030 τοῦ
272 970 384 1051 πρασίου
397 969 450 1048 [δὲ]
464 970 628 1048 σπέρματος,
643 971 695 1026 τῶν
712 966 837 1048 σραιρίων

925 545 1026 608 AEqnale
1036 546 1139 608 pondus,
1152 547 1238 610 agarici
1247 548 1310 608 albi,
1320 549 1418 600 seminis

864 651 866 658 ,
924 635 997 698 Napi,
1009 635 1196 698 uniuscnjusque
1207 636 1334 688 drachmas
1342 639 1484 700 duodecim,

925 726 954 772 nt
967 723 1054 772 scordii
1064 726 1205 775 tantundem
1215 727 1305 776 cretici
1314 727 1410 789 sddit0;

923 815 1042 876 Myrrhae,
1052 815 1129 877 croci,
1140 816 1213 875 rben,
1225 817 1376 880 petroselini,
1387 819 1533 880 stoechadis,

924 905 998 954 sicem
1006 905 1167 968 calamlnthae,
1175 908 1331 970 quinquefolii
1341 914 1427 971 prester
1437 910 1489 960 haec

923 993 1043 1042 Radiculoe
1053 996 1126 1056 sique
1135 995 1232 1044 seminis
1241 996 1372 1057 marrubii,

147 1066 248 1121 Λευκοῦ
261 1057 394 1138 πεπέρεως
412 1057 457 1116 καλ
473 1063 588 1137 μακροῦ,
602 1061 649 1128 τῆς
661 1055 772 1126 Ἰνδικῆς

147 1151 252 1230 Νάρδου
265 1147 392 1227 στάγυος,
404 1146 511 1204 λιύάνου
526 1169 554 1203 τε
570 1145 614 1203 καὶ
627 1142 802 1224 τερμινθίνης,

94 1258 132 1296 ms
150 1237 252 1297 Κόστου
266 1259 293 1294 τι
305 1239 397 1294 λευκοῦ
411 1233 455 1292 καὶ
471 1231 509 1292 ἔτι
524 1233 665 1307 δικτάμνου
679 1229 757 1302 πόας,

147 1323 258 1404 Σχσίνου
271 1347 299 1382 τε
313 1323 350 1400 μά,
365 1327 416 1380 τῶν
430 1322 556 1402 καρφίων,
569 1327 613 1379 τοῦ
629 1321 651 1377 δ’
668 1319 770 1390 ἄνθεος,

147 1417 239 1492 Ξηροῦ
253 1412 275 1470 τ’
291 1411 419 1492 άύρέκτου
438 1409 601 1488 ζιγγιῦὲρεως
615 1407 661 1474 τάς
675 1406 746 1478 ἴσας,

148 1499 250 1568 Κασίας
264 1499 387 1582 μελαίνης
401 1503 448 1556 τοῦ
465 1499 570 1579 ρλοιοῦ,
585 1495 683 1553 τούτων
696 1495 775 1552 πάλιν

924 1082 1056 1131 Globorum
1066 1084 1151 1145 piperis
1163 1083 1210 1132 albi
1223 1087 1248 1134 et
1259 1085 1336 1148 Ιοιιμί,
1347 1090 1419 1149 etque
1429 1088 1518 1138 ludicre

923 1167 995 1215 Nsrdi
1004 1168 1088 1230 spiere,
1099 1170 1190 1230 thuris,
1201 1183 1244 1221 nec
1256 1185 1305 1220 non
1315 1173 1481 1222 terebinthinae

923 1258 1037 1318 emtique
1050 1258 1158 1319 candidi,
1169 1259 1285 1309 dictamni
1295 1260 1388 1322 herbas,
1404 1263 1501 1324 insuper

922 1346 994 1396 Junci
1004 1344 1103 1406 domm,
1114 1360 1163 1396 non
1173 1348 1328 1408 lestumrum,
1339 1350 1375 1400 bia
1384 1364 1517 1414 compares,

922 1435 1051 1496 Zingiberis
1060 1435 1120 1485 aridi
1131 1449 1180 1484 non
1188 1437 1280 1486 humidi
1290 1451 1367 1500 pares,

922 1525 951 1571 lit
960 1523 1030 1572 casiae
1041 1523 1136 1573 corticis
1146 1524 1219 1587 nigrae
1229 1525 1290 1575 adde
1300 1525 1404 1590 deniqne

144 1591 190 1656 Δίς
201 1590 269 1668 τρεῖς
283 1587 393 1646 ἑκάστου
409 1586 538 1662 μίγματος
551 1583 674 1664 δραχμάς
690 1585 814 1662 σταθμῷ·

92 1701 131 1739 τεο
147 1677 244 1737 Παλίου
256 1699 284 1734 τε
299 1675 344 1733 καὶ
360 1679 408 1754 ροῦ
426 1677 569 1745 Ποντικοῦ,
582 1673 628 1731 καὶ
643 1671 793 1742 θλάσττεως,

145 1763 316 1844 Καμαίδρυός
328 1787 356 1821 τε
369 1761 414 1821 καλ
429 1761 571 1842 στύρακος,
584 1761 629 1818 καὶ
642 1759 777 1836 κύμμεως,

147 1855 199 1915 Καὶ
211 1855 360 1932 γεντιανῆς,
375 1851 420 1908 καὶ
433 1849 543 1927 ιἰκόρου,
557 1847 626 1925 μήου
637 1847 660 1906 τ’
676 1847 726 1919 ἔτι,

147 1943 200 2004 Καὶ
212 1939 409 2020 καρδαμώμου,
422 1937 467 1995 καί
482 1935 617 2014 μαράθρου
631 1939 676 1992 τοῦ
689 1933 853 2014 σπέρματος,

144 2027 328 2092 Ὑποκιστίδος
343 2026 426 2105 χυλοῦ
437 2048 464 2082 τε
478 2023 523 2082 καὶ
537 2021 688 2101 χαλκίτιδος

92 2144 129 2180 iss
143 2121 259 2188 Ὀπτῆς,
272 2119 394 2194 ύπερικοῦ
408 2113 557 2193 σπέρματος
570 2116 614 2170 τοῦ
629 2113 789 2189 Κρητικοῦ,

143 2210 234 2268 Κυλοῦ
246 2208 270 2263 τ’
283 2203 393 2268 ἀκακίας
405 2205 451 2272 τῆς
464 2202 547 2270 καλῆς
562 2202 640 2278 ὑγρᾶς
654 2197 708 2274 ἔτι,

145 2298 270 2372 Καθαράς
283 2314 312 2349 τε
327 2289 420 2370 νάρδου
436 2291 579 2362 Κελτικῆς,
597 2285 642 2344 καὶ
657 2285 794 2359 Λημνίας,

145 2379 328 2456 Καμαιπίτυύς
341 2401 370 2436 τε
384 2375 429 2435 καλ
442 2377 566 2452 άμμεως,
581 2373 626 2432 καλ
640 2374 782 2449 σεσέλεως,

143 2469 288 2549 ’λνισαρίου
302 2491 332 2525 τε
346 2464 494 2545 σπέρματος
506 2462 702 2542 πεφρυγμένον,

91 2573 127 2608 riu
145 2549 255 2628 Κύτρυύς
265 2551 288 2606 τ’
303 2544 413 2623 ἀμώμου
420 2574 433 2616 ,·
440 2543 610 2620 μαλαὸάθρου
623 2539 726 2621 ρύλλων
741 2539 813 2612 ἴσας,

145 2637 259 2697 Πάντων
272 2635 294 2693 δ’
310 2634 420 2692 ἑκάστου
435 2631 480 2689 δύο
496 2629 615 2709 δραχμάς
627 2630 650 2711 ρ’
664 2628 789 2687 ἐπεντίθει
804 2629 813 2706 (
826 2633 844 2705 ),

145 2727 198 2784 Καὶ
215 2723 352 2804 βαλσάμου
367 2724 468 2798 καρποῦ
481 2742 508 2776 τε
520 2718 567 2783 τάς
580 2717 659 2784 αὐτάς
673 2718 732 2775 δύο·

139 2812 216 2879 Τινὲς
230 2813 257 2870 δὲ
269 2811 367 2870 τούτων
379 2811 408 2866 οὐ
421 2811 508 2872 καλῶς
521 2806 571 2864 άνδι
582 2805 723 2886 τέτταρας·

142 2903 329 2966 Ὀποπάνακος
338 2899 365 2956 δὲ
377 2903 422 2956 τοῦ
434 2896 560 2973 δακρύου,
573 2893 618 2953 καὶ
632 2892 783 2973 χαλύάνης,

90 3015 125 3052 ιιε
141 2993 247 3052 Δαύκου
263 3013 290 3048 τε
305 2991 419 3067 καθαροῦ
433 2984 582 3064 σπέρματος
597 2987 643 3040 τοῦ
657 2985 806 3060 Κρητικοῦ,
883 3027 886 3034 .

142 3081 197 3140 Καὶ
210 3078 365 3156 καστορίου,
377 3073 422 3131 καὶ
435 3076 590 3149 σαγαπηνοῦ
604 3071 671 3148 [τοῦ]
685 3067 851 3150 προσφάτου,

143 3165 303 3250 Κενταυρίσυ
318 3187 345 3221 τε
363 3165 494 3241 Κρητικοῦ
510 3158 547 3235 μὴ
561 3158 728 3238 προσράτου,

142 3253 336 3335 ’λριστολοχίας
350 3275 378 3310 τε
389 3249 550 3318 λεπτοτάτης
565 3246 642 3325 ξηρᾶς
657 3248 757 3314 καλῶς,

139 3347 246 3405 Τούτων
261 3343 338 3400 πάλιν
356 3339 467 3398 ἑκάστου
482 3329 603 3415 δραχμὴν
617 3335 639 3415 ρ’
652 3333 775 3398 ἐπεντίθει
792 3335 831 3410 (il

88 3457 125 3492 ιιιι
139 3431 212 3492 Ὶσον
224 3432 322 3488 τούτοιν
334 3426 356 3484 θ’
372 3428 408 3483 ἑνὶ
421 3429 516 3495 στῆσον
529 3423 663 3502 άσράλτου
677 3423 774 3490 καλῆς·

139 3518 217 3584 Τινὲς
229 3519 255 3576 δὲ
271 3517 320 3574 ἀνά
335 3514 381 3573 δύο
392 3512 470 3593 ρασὶν
483 3509 546 3590 ὅπερ
562 3513 591 3567 οὐ
608 3508 750 3588 βούλομαι·
777 3517 780 3523 ’

143 3606 264 3668 Πολλάκι
278 3604 328 3684 γὰρ
341 3605 437 3672 αὐτῶν,
453 3604 488 3665 ὡς
501 3598 593 3679 ἔγραψ’
603 3595 742 3654 ἐσκεύασα·

137 3697 219 3757 Οἶνον
232 3693 381 3772 Φαλερίνου
395 3694 440 3746 τοῦ
453 3689 533 3746 καλοῦ
548 3685 577 3742 τὸ
589 3683 751 3762 σύμμετρον·

141 3786 255 3848 Μελιτος
270 3781 333 3839 δέκα
348 3779 438 3856 λίτρας
450 3775 566 3832 Ἀττικοῦ
578 3776 622 3828 τοῦ
638 3770 800 3850 προσφάτου.

88 3897 124 3932 ιιι
139 3871 248 3933 Τούτων
263 3871 285 3926 δ’
301 3867 318 3925 θ
335 3866 381 3942 μέν
395 3867 449 3922 ἔστι
465 3861 607 3939 σπέρματά,
621 3858 637 3915 δ
649 3859 677 3916 δὲ
691 3858 767 3938 χυλοί
782 3879 869 3930 τινων,

137 3961 168 4022 Ἃ
185 3960 205 4018 δ’
219 3959 274 4018 ἐστὶ
289 3957 375 4037 φύλλα
387 3953 431 4010 καὶ
446 3950 545 4028 δάκρυσι
560 3946 605 4005 καλ
620 3947 704 4025 ριζία,

139 4051 289 4127 'sidyma
303 4047 326 4103 δ’
342 4045 427 4100 αὐτῶν
445 4031 493 4096 κάν
510 4037 650 4114 μετάλλοις
662 4035 770 4112 γίνεται.

140 4116 241 4201 Κυλοῦς
254 4134 301 4210 μὲν
314 4122 367 4201 οῦν,
382 4126 482 4207 δάκρυά
499 4125 549 4205 [τε]
565 4123 610 4180 καὶ
625 4123 770 4199 μεταλλικὰ

138 4225 212 4306 Οἵνιρ
225 4223 326 4293 λεάινε,
342 4217 387 4278 καλ
401 4215 504 4294 με’λιτος
518 4216 598 4272 ποιῶν
615 4211 711 4290 πάχος,

87 4337 123 4372 rm
138 4315 182 4373 Τὰ
194 4312 262 4372 λοιπ’
274 4303 399 4368 eruditos
414 4303 479 4384 ξηρά
495 4303 580 4360 πάντα
597 4299 734 4375 μίγματα,

142 4401 265 4462 Κοπέντα
277 4398 322 4457 καὶ
337 4395 449 4467 σηθέντα
462 4393 551 4467 λεπτῷ
566 4387 689 4466 κοσκίνῳ,

139 4495 165 4551 Μ
170 4490 223 4558 ίξας
237 4488 259 4547 τ’
272 4487 401 4562 ἐπιμελῶς
416 4479 498 4550 αύτδ,
515 4477 651 4557 παράχεον
661 4474 719 4533 τότε

139 4577 225 4643 Ζέσας
237 4576 274 4643 δἰς
286 4573 303 4644 ἢ
315 4571 369 4653 τρὶς
381 4569 411 4628 τὸ
424 4569 498 4646 μέλι,
510 4565 555 4625 καλ
568 4563 661 4628 δεύσας
672 4562 751 4620 πάλιν

139 4666 292 4739 ’λποτίθου,
307 4661 444 4742 φυλάττων
460 4656 496 4734 μὴ
513 4653 620 4722 ξυλίνοις
633 4651 750 4728 άγγεσιν,

87 4780 122 4816 ιιι
139 4757 251 4815 Μᾶλλον
264 4751 285 4811 δ’
301 4749 427 4820 ύαλίνοις,
443 4744 586 4823 κερατίνοις
599 4765 627 4799 τε
641 4740 790 4820 κάργυροῖς,

141 4845 194 4906 Καί
209 4839 396 4920 κασσιτερίνοις
409 4859 437 4894 τε
452 4833 497 4893 καὶ
511 4841 564 4898 τοῖς
575 4829 710 4910 κεραμίοις
722 4829 837 4892 πυκνοῖς·

138 4933 216 4994 Δίδου
234 4955 262 4988 τε
276 4928 358 4987 πίνειν
373 4926 440 5003 μήτε
454 4922 556 5001 γεγονὸς
569 4918 664 5000 άρτίως

134 5025 175 5082 Τὸ
187 5021 338 5102 φάρμακον,
356 5014 423 5090 μήτε
436 5011 514 5069 πάλιν
527 5005 711 5088 ἐξηρτυμένον,

137 5109 227 5190 Ὅπερ
242 5111 264 5166 εἰ
278 5105 377 5184 γένοιτο
391 5103 435 5162 διὰ
447 5099 477 5159 τὸ
489 5103 570 5176 μῆκος
584 5103 629 5156 τοῦ
642 5093 748 5173 Ιχρόνου,

87 5223 124 5262 im
141 5201 226 5260 Πάλιν
239 5195 315 5264 ζέσας
328 5191 480 5275 πρύσῦαλλε
496 5188 598 5263 μέλιτος
612 5184 770 5261 σύμμετρον,

921 1612 961 1660 liis
969 1612 1118 1674 singulorum
1128 1615 1209 1662 ternas
1220 1613 1348 1672 drsclrmss
1357 1617 1478 1679 pondere,

922 1701 1029 1763 Poliiqne
1039 1704 1064 1752 et
1077 1702 1171 1752 Pontici
1182 1703 1246 1766 phu,
1263 1718 1308 1753 nec
1318 1718 1365 1754 ιιοιι
1375 1687 1509 1768 thlsspeos,

920 1790 1104 1854 clrammdryos,
1115 1794 1231 1854 preterea
1241 1795 1354 1856 styracis,
1364 1796 1388 1844 et
1396 1796 1486 1858 gumrm

920 1883 951 1930 lit
960 1881 1078 1941 gentinus
1087 1883 1112 1930 et
1121 1883 1200 1942 seori,
1212 1883 1307 1944 meique
1319 1883 1424 1945 insuper,

920 1971 950 2016 Et
962 1969 1123 2029 cardamomi,
1134 1969 1189 2020 dein
1200 1970 1305 2019 loenicnli
1313 1971 1423 2032 seminis,

922 2057 1083 2119 hypocistidis
1091 2059 1171 2118 succi,
1183 2061 1253 2108 tostae
1263 2060 1412 2118 chalcitidis,

920 2147 1038 2196 eletensis
1049 2147 1153 2210 hyperici
1161 2147 1224 2197 adde
1232 2148 1343 2210 seminis,
1356 2149 1425 2199 bonae

920 2236 989 2284 sneci
999 2236 1087 2284 acacirc
1100 2235 1219 2296 humidae,
1232 2235 1347 2298 nardique
1357 2238 1455 2287 Gallicae

921 2325 1006 2383 Purre,
1019 2323 1088 2384 sigilli
1099 2325 1205 2383 Lemnii,
1215 2323 1386 2385 chamaepitys,

920 2416 1019 2473 Amecs,
1031 2411 1146 2471 semime,
1156 2412 1252 2460 seminis
1262 2410 1372 2460 retorridi

920 2499 1000 2558 dulei,
1010 2500 1099 2548 amomi
1112 2513 1179 2561 nvae,
1191 2500 1302 2549 loliorum
1315 2500 1460 2551 malabstlrri

920 2591 1019 2650 impone
1028 2588 1156 2638 drachmas
1166 2588 1316 2651 singulomm
1330 2601 1454 2652 compares

919 2680 997 2736 Duas,
1007 2679 1031 2725 et
1043 2676 1143 2726 totidem
1153 2677 1252 2726 balsami
1263 2677 1356 2728 irnctus
1365 2690 1476 2741 qnoque,

918 2766 965 2816 Sed
977 2779 1026 2816 non
1038 2768 1084 2815 rite
1093 2766 1167 2828 sliqnl
1177 2766 1277 2829 singulis
1288 2766 1347 2816 dent
1353 2769 1483 2830 guatinum

919 2856 1068 2918 opopanacis
1080 2856 1224 2918 lechrymae,
1241 2858 1356 2918 prsterm
1364 2855 1469 2918 galbam,

919 2946 1042 3008 Daunique
1051 2945 1145 3008 purgati
1156 2944 1276 2995 cretensis
1284 2945 1394 3005 seminis,

919 3038 949 3084 El
960 3035 1074 3094 castorei,
1089 3034 1199 3096 sagapeni
1208 3033 1303 3096 jnngltu
1313 3034 1369 3083 novi

918 3115 1392 3186 cennurhqrrecrettd,sednonnosi,
1427 3163 1429 3168 .

918 3214 1131 3275 Aristolocbiaeqne
1140 3213 1221 3263 tennis
1231 3212 1302 3262 sicce
1314 3212 1402 3276 probe,

919 3305 1011 3352 llorum
1027 3302 1216 3363 uniuscuiusque
1232 3301 1352 3350 lacunam
1365 3300 1523 3358 drachmam:

918 3397 1023 3455 AEquum
1033 3393 1112 3441 statne
1122 3390 1216 3454 pondus
1227 3391 1351 3440 bituminis
1365 3390 1434 3451 bonl;

918 3485 982 3530 Duas
991 3482 1040 3530 truc
1051 3479 1150 3542 qnidam
1160 3480 1288 3529 conieurnt
1296 3479 1361 3542 qnod
1370 3480 1495 3542 improbo,

920 3571 1066 3631 Frequenter
1078 3569 1153 3629 ipsam
1162 3605 1169 3628 ,
1179 3566 1254 3617 velnti
1266 3569 1382 3630 scriptum
1391 3569 1436 3628 est,
1451 3567 1560 3626 candidi;

917 3657 972 3707 t'ini
983 3657 1074 3706 Falerni
1085 3656 1229 3705 mediocrem
1240 3655 1338 3704 modum
1352 3654 1422 3715 bonl;

919 3746 995 3795 llellis
1005 3745 1107 3794 recentis
1116 3745 1188 3794 strici
1198 3745 1271 3793 libres
1282 3743 1375 3793 decem.

919 3839 1011 3884 tiorum
1020 3846 1076 3882 cnm
1086 3833 1151 3882 succi
1164 3832 1276 3895 quedam
1286 3832 1348 3892 sint,
1356 3831 1447 3881 semina
1460 3831 1506 3880 alia

920 3925 983 3974 Folia
1001 3923 1067 3982 brec,
1078 3921 1170 3972 radices
1181 3922 1226 3969 ists
1239 3926 1311 3982 atque
1322 3920 1362 3968 illa
1372 3920 1484 3982 lacrymis

914 4015 1102 4080 ⁴dignanturque
1113 4011 1138 4060 in
1147 4009 1251 4059 metallis
1263 4007 1329 4058 band
1341 4006 1520 4070 compluscula,

917 4105 1006 4153 succos
1015 4114 1071 4163 ergo
1081 4113 1137 4149 cnm
1148 4097 1260 4161 lacrymis
1268 4101 1293 4146 et
1302 4095 1427 4146 mebillicis

916 4193 990 4240 Terss
1000 4191 1056 4240 vino
1065 4201 1142 4251 usqne
1150 4187 1180 4236 sd
1188 4183 1468 4244 meltiscrsssitudinero;

917 4279 1026 4329 immitte
1038 4290 1093 4340 qn·
1102 4278 1229 4340 supersunt
1239 4273 1305 4322 arida
1317 4272 1406 4332 oannis,

918 4371 1049 4430 Postquam
1058 4367 1159 4415 contusa
1168 4367 1192 4414 et
1201 4363 1274 4414 denso
1286 4362 1377 4410 increbi
1386 4362 1443 4408 sunt
1452 4357 1544 4418 cribro,

916 4457 1046 4518 llixtisque
1060 4455 1143 4505 exacte
1152 4453 1226 4502 addas
1236 4451 1283 4500 met
1294 4447 1358 4512 quud
1368 4445 1488 4496 deferbuit

916 4547 955 4596 llis
964 4549 1045 4606 lerve;
1059 4543 1146 4592 deinde
1155 4542 1196 4590 nbi
1206 4553 1289 4590 rursus
1299 4535 1425 4598 rigareris,

917 4637 1049 4699 depone-et
1063 4646 1132 4684 serva
1142 4629 1304 4680 resculisnon
1313 4625 1409 4688 ligneis,

917 4724 965 4774 Sed
976 4723 1071 4784 vitreis,
1083 4719 1248 4782 argenteisque
1260 4720 1284 4765 et
1296 4713 1390 4764 corneis

917 4819 945 4864 Et
957 4813 1061 4864 stanneis
1070 4814 1094 4860 et
1106 4807 1230 4867 lictilibns,
1240 4805 1319 4854 densis
1330 4805 1419 4853 lnmem

916 4908 951 4953 Du
963 4901 1053 4965 potioni
1068 4911 1117 4948 non
1126 4909 1209 4948 recens
1221 4895 1311 4943 iactum
1321 4891 1404 4950 nimis,

915 4985 964 5033 Nec
979 4992 1061 5029 rursus
1072 4975 1273 5026 medicamentum
1287 4969 1353 5033 quod
1365 4967 1470 5030 peraruit
1485 4987 1491 5016 ι

915 5073 955 5121 sin
966 5069 990 5118 id
1002 5067 1125 5128 contingat
1134 5062 1266 5124 longiorem
1276 5059 1374 5124 propter
1385 5069 1495 5116 moram,

916 5159 1016 5211 lulrmde
1028 5155 1106 5206 nrellls
1116 5151 1181 5216 qnod
1191 5152 1227 5201 set
1236 5149 1350 5212 qnodque
1360 5146 1461 5208 lerbnit;
