4058 6092
811 455 1015 515 PRAEFATlO

161 577 187 620 tn
197 574 309 626 tteinelsil
319 576 424 626 editione
433 593 440 626 ι

504 673 526 724 l.

212 753 238 812 5.
260 753 356 812 ursides
380 797 709 818 ............
726 759 822 830 στήθεα
837 761 875 837 (ι)

212 863 240 914 7.
262 844 303 899 ἐπ’
317 841 397 921 ripert
418 887 725 906 ...........
739 851 765 905 ἐν
778 847 857 928 dipem

211 933 239 987 8.
261 930 321 1009 ἀνιᾷ
343 972 737 994 ..............
760 938 819 1014 ἀνιῇ
834 935 874 1014 (ε)

195 1036 239 1073 ιι.
260 1016 360 1094 χείλεος
382 1061 686 1079 ...........
708 1021 809 1099 χείλεος
823 1025 864 1102 (3)

196 1113 239 1171 tl..
263 1126 307 1179 μιν
325 1147 690 1167 .............
699 1133 738 1169 νιν
752 1131 787 1166 cx
802 1115 875 1189 conj.

191 1211 238 1248 at.
260 1191 403 1261 νήπλεκτος
424 1235 671 1257 .........
693 1197 824 1269 νήπεπλος
834 1200 876 1278 (4)

191 1280 237 1336 ab.
260 1301 304 1356 μιν
327 1323 693 1344 .............
713 1309 753 1344 νιν
768 1309 802 1344 ex
820 1288 894 1366 conj.

191 1370 238 1426 26.
260 1367 542 1445 στοίθια-ὓιιομαζοί,
555 1371 757 1442 ,στήθεα-ὑπὸ
767 1375 844 1454 μαζοί
859 1363 895 1454 (5)

190 1459 237 1512 31.
259 1453 392 1537 Κύπριδος
406 1458 472 1515 αἰαῖ.
495 1501 502 1515 .
524 1501 531 1516 .
615 1459 756 1544 Κύπριδος.
768 1467 825 1521 αἰαῖ
839 1463 880 1540 (6)

190 1544 237 1600 33.
259 1543 379 1602 κλαίουσι
401 1586 709 1609 ...........
731 1551 848 1608 κλαίοντε

188 1631 237 1702 36,
254 1633 302 1704 37.
325 1631 414 1690 σἐίδιι.
430 1633 495 1691 Alai
517 1677 525 1692 .
547 1675 554 1690 .
576 1675 583 1690 .
607 1677 613 1690 .
637 1681 644 1695 .
667 1635 759 1694 ἀείδει·
778 1640 835 1695 αἰαῖ
856 1637 895 1714 (7)

189 1721 236 1795 39.
258 1718 308 1790 δι’,
324 1721 380 1778 uiui
401 1763 706 1782 ...........
727 1723 758 1782 ἂν
774 1727 844 1796 αίαῖ;

188 1808 237 1876 45.
257 1807 323 1866 τὸδ’
337 1799 371 1866 οὗ
393 1851 674 1871 ..........
678 1857 703 1880 .·
727 1857 734 1872 .
756 1812 809 1872 τόδ’
826 1805 859 1872 eii

644 587 670 630 tn
682 582 727 630 baa
738 583 845 632 editione
858 599 864 631 :

161 1992 196 2057 (x)
214 1994 275 2043 Ccd.
298 2011 327 2044 ιο
348 1995 403 2044 edd.
423 1995 535 2062 Callierg.
555 1999 621 2050 Crat.
643 1998 719 2051 Brnb.
735 2029 767 2038 -
786 2005 817 2051 V.
838 2003 891 2062 7δν

127 2069 202 2133 clipeos
215 2069 300 2135 scripsi
319 2085 348 2118 ex
366 2069 510 2136 conjectura.
524 2073 661 2138 Prepositio
675 2075 714 2124 lert
735 2085 788 2124 orta
811 2087 846 2125 est
866 2094 894 2127 ex

127 2159 195 2194 versu
210 2144 367 2211 praecedente.

160 2222 197 2284 (ο)
215 2221 276 2270 Cod.
292 2237 322 2269 ιο
335 2221 422 2270 diserte
432 2221 504 2271 habet
515 2223 581 2294 ἀνιῇ,
597 2224 717 2288 quodiam
732 2225 895 2276 voluitltliihl·

128 2310 208 2344 mann.
221 2298 280 2360 leg.
289 2294 346 2343 dial.
362 2312 388 2361 p.
401 2311 440 2356 77.

159 2371 196 2434 (3)
213 2369 272 2418 cod.
295 2386 325 2418 ro
338 2379 362 2418 et
374 2368 429 2418 edd.
443 2368 500 2418 Ald.
515 2370 574 2422 cett.
586 2369 669 2420 Ursin.
684 2373 748 2422 Cret.
762 2373 837 2425 Brub.

160 2444 196 2507 (4)
214 2445 356 2508 Coniectura
373 2453 410 2492 est
422 2441 529 2510 Bergir'i.
544 2447 625 2515 Quum
645 2445 735 2502 πέπλος
754 2462 804 2496 csse
823 2448 897 2514 possit

126 2527 149 2567 et
163 2520 286 2582 ὶπὶὅλημα
306 2527 331 2568 et
342 2520 417 2585 χιτών
431 2520 477 2584 (cl.
494 2517 593 2571 Becker.
612 2521 756 2572 chutun.
774 2540 799 2589 p.
815 2526 895 2591 330),

126 2603 198 2659 atque
210 2595 333 2659 ὲπίόληροι
346 2593 418 2643 etiam
427 2593 494 2643 domi
506 2593 634 2660 saepissime
647 2597 736 2662 deponi
747 2599 841 2660 soleret,
854 2599 896 2650 de-

126 2685 210 2719 corum
225 2685 275 2718 uon
295 2677 353 2735 puto
368 2667 464 2720 violari.
478 2670 609 2720 Vultenim
623 2670 703 2720 dicere
716 2681 802 2738 poeta:
816 2684 898 2723 ruerat

127 2761 157 2792 er
170 2743 239 2792 domo
253 2762 299 2792 sera
313 2745 384 2792 sicuti
396 2756 464 2802 erat,
487 2745 598 2794 indutum
611 2746 702 2796 babens
715 2750 791 2797 solum
803 2751 898 2815 χιτῶνα

128 2833 206 2884 neque
216 2819 340 2884 διιίωιημα
353 2820 369 2868 i.
383 2835 405 2868 c.
418 2819 518 2870 πέπλον.
532 2824 608 2871 -ιν,
625 2830 665 2878 aa.
679 2823 749 2884 Quod
766 2823 896 2875 Schneide-

127 2893 181 2942 win.
194 2893 271 2959 Conjj.
285 2894 352 2945 criti.
366 2910 393 2960 p.
411 2895 456 2942 soa
471 2902 555 2960 sttopte
567 2893 665 2960 ingenio
675 2895 766 2946 invenit
779 2899 895 2962 γοόωσα,

127 2967 208 3032 idjam
222 2968 299 3018 edidit
311 2967 343 3017 de
355 2968 492 3034 coniectura
504 2969 686 3020 Wakefieldiua.
701 2971 749 3020 Sed
768 2988 816 3021 non
837 2991 898 3039 opus

127 3045 221 3093 ridetur
233 3043 278 3094 bac
290 3045 433 3106 mutatione,
448 3044 580 3095 dummodo
591 3047 667 3096 παῖδα
679 3047 841 3114 interpreteris
854 3047 895 3097 de·

127 3117 205 3177 licius,
221 3135 367 3186 quamquam
381 3119 431 3169 brec
443 3121 506 3170 nocis
519 3120 661 3184 significatio
675 3137 723 3170 nou
735 3123 858 3172 invenitur
871 3124 897 3173 in

126 3195 211 3262 Stcpb.
226 3195 300 3244 Tbea.
310 3195 350 3244 ed.
365 3194 439 3244 Paris.

159 3272 195 3336 (5)
213 3271 306 3330 στήθεα
317 3269 373 3319 ced.
388 3285 471 3317 so.-
488 3273 579 3318 Vocem
597 3271 717 3334 buouutoi
733 3270 799 3320 omni
814 3271 896 3322 analo-

128 3361 173 3412 grc
181 3353 355 3412 repugnantem
364 3342 480 3410 deinceps
489 3344 647 3394 emendarunt
655 3345 754 3410 brigga,
764 3350 895 3396 Hermann.

128 3422 164 3484 (in
178 3421 316 3472 Zimmerm.
328 3419 433 3486 Episem.
449 3435 471 3468 a.
491 3423 563 3482 1837.
575 3438 599 3486 p.
612 3422 685 3483 ²32),
699 3425 731 3470 0.
745 3421 897 3484 Schneider„

128 3497 215 3562 Bergk.
229 3495 267 3547 Ci.
280 3495 388 3547 bobeclt.
405 3495 490 3545 Parall.
506 3511 532 3560 p.
547 3497 605 3552 384.

161 3573 196 3636 (6)
206 3575 276 3622 Hauc
284 3569 506 3638 interpunctionem
515 3571 606 3638 primus
614 3571 737 3638 proposuit
746 3572 896 3632 wstetetd„

128 3663 201 3712 quem
213 3655 307 3697 meatus
324 3655 362 3695 eat
378 3645 548 3698 Bnissonadtu.
558 3675 591 3684 -
605 3651 637 3699 V.
657 3651 696 3697 32.
714 3651 760 3696 l’ru
784 3650 809 3696 al
827 3648 898 3714 δρύες

126 3721 279 3774 scribendum
292 3738 345 3772 ease
358 3715 385 3772 αί
397 3722 470 3790 δρύες
482 3733 506 3772 ει
519 3739 563 3788 ego
572 3723 719 3788 conjeceram
734 3731 758 3772 et
769 3722 832 3772 idem
847 3739 897 3770 mo·

125 3815 181 3850 cum
194 3796 383 3848 communicarit
396 3797 526 3864 Bet-gline,
540 3797 582 3847 scd
591 3797 616 3847 id
630 3799 737 3864 recipere
750 3798 856 3847 dubitari
866 3798 897 3847 ob

126 3874 201 3938 legem
215 3871 280 3939 apud
292 3871 442 3920 Lobeckinm
456 3871 482 3920 in
496 3870 573 3937 Sopb.
585 3871 624 3937 ej.
637 3888 660 3921 ν.
674 3875 723 3932 37ο
735 3872 840 3922 allatam.
853 3877 899 3922 At·

126 3964 173 4015 que
187 3946 302 4012 Burgkius
317 3944 369 4013 ipse
383 3962 447 3995 nnnc
459 3945 591 4013 improbet.
607 3951 643 3996 De
663 3947 763 3996 articulo
776 3948 806 3996 ad
827 3947 899 4012 δρύες

1618 459 1699 530 xxvij

972 591 998 634 ln
1009 585 1117 634 tteineltii
1127 585 1232 634 editione
1243 599 1249 630 :
1456 587 1480 631 tn
1494 582 1538 631 line
1549 584 1655 632 editione
1668 603 1674 634 ι

1002 675 1289 753 47·ψνχῆι-κήι·
1313 715 1349 728 ··
1372 714 1407 728 ··
1430 713 1465 726 ·-
1491 653 1725 750 ·lu½ae-en;'

1003 761 1048 818 55.
1071 761 1198 842 κρείσσων
1221 800 1525 818 ...........
1547 757 1664 838 κρέσσων

1003 849 1048 906 56.
1071 850 1146 918 ἀνίην
1170 889 1532 909 .............
1551 846 1625 903 ἀνίαν

1002 937 1048 1008 57.
1070 935 1099 994 σὲ
1114 935 1244 1015 pudebunt
1266 977 1480 994 ........
1503 931 1651 1010 caedri-uper
1663 933 1704 1012 (8)

1001 1027 1048 1081 6ι.
1071 1023 1171 1103 ipsisne
1184 1023 1260 1104 θηρσὶ
1283 1067 1438 1084 ......
1459 1023 1562 1100 ἔμεινας
1577 1026 1643 1104 θῆρα
1661 1021 1702 1100 (9)

1001 1112 1047 1170 65.
1068 1111 1185 1190 γίγνεται
1206 1152 1509 1174 ...........
1530 1111 1630 1190 γίνεται
1642 1110 1704 1189 (ιο)

1001 1207 1047 1272 74.
1069 1201 1143 1258 πόθει
1163 1241 1564 1261 ..............
1586 1202 1661 1258 ποθεῖ

1000 1290 1047 1360 76.
1067 1288 1112 1346 καί
1133 1327 1468 1348 ............
1491 1286 1550 1345 κατ’
1562 1307 1599 1345 ex
1613 1289 1689 1365 conj.

1002 1397 1050 1448 77,
1067 1380 1113 1434 80.
1137 1400 1182 1453 μιν
1204 1417 1516 1437 ...........
1526 1397 1565 1433 νιν
1580 1395 1616 1434 ex
1630 1377 1705 1454 conj.

1001 1465 1046 1520 82.
1069 1454 1115 1540 ἆγε
1137 1505 1565 1525 ...............
1588 1453 1630 1531 ἦξε
1645 1467 1706 1542 (ιι)

1001 1551 1048 1608 83.
1070 1550 1097 1614 δι
1111 1550 1138 1608 δὲ
1151 1550 1245 1624 λίὸητι
1267 1593 1518 1611 .........
1535 1553 1559 1609 ol
1571 1550 1598 1608 δὲ
1612 1549 1706 1623 λίὸησι

1000 1641 1048 1707 84.
1070 1639 1185 1719 χρυσείῳ
1199 1639 1483 1722 9ορὲησιν..χρυσείοις
1498 1639 1632 1721 φορέουσιν
1645 1641 1705 1718 (ια)

1000 1727 1046 1784 86.
1068 1727 1156 1786 stete
1179 1771 1490 1790 ...........
1506 1729 1563 1786 αἰαῖ
1576 1733 1705 1807 Leunep.

998 1833 1045 1888 90.
1066 1813 1084 1884 ἢ
1098 1812 1238 1892 Ὑμέναιος
1260 1860 1417 1876 ......
1454 1807 1483 1874 ui
1493 1813 1634 1891 Ὑμέναιον
1646 1817 1670 1896 (ι
1678 1830 1706 1908 3)

943 2013 989 2060 rt:
1009 2005 1060 2060 ιιείς
1076 2004 1203 2070 Ἀχέροντα
1216 2006 1257 2054 ταὶ
1279 2005 1359 2055 asoto
1373 2006 1494 2070 βασιλῆα,
1516 2003 1576 2054 sicut
1589 2022 1618 2054 ex
1634 2004 1704 2058 codd.

940 2077 1015 2128 edidi.
1030 2078 1105 2144 Soplt.
1118 2081 1156 2130 El.
1175 2081 1219 2126 183
1230 2093 1237 2127 :
1248 2080 1277 2126 ‘0
1289 2080 1356 2143 παρὰ
1369 2079 1411 2128 τὸν
1429 2079 1557 2144 Ἀχέροντα
1568 2080 1621 2136 θεὸς
1633 2082 1707 2130 ἀνάσ-

940 2170 1000 2201 σων.
1015 2155 1075 2200 Nam
1087 2152 1175 2217 duplex
1189 2151 1323 2218 prepositio
1336 2151 1472 2202 Acheronta
1486 2163 1510 2202 et
1523 2154 1645 2203 Plutonem
1660 2154 1707 2204 dis·

941 2226 1048 2292 tinguere
1062 2226 1155 2275 videtne
1163 2227 1228 2292 justo
1242 2227 1345 2292 grauius.

973 2303 1008 2365 (li)
1029 2305 1172 2366 Corruptam
1185 2317 1234 2349 esse
1254 2301 1395 2366 scripturam
1413 2302 1531 2366 vulgatam
1553 2302 1602 2351 lere
1624 2319 1706 2352 omnes

941 2375 1102 2422 coissentinnt.
1116 2378 1177 2423 Nam
1191 2373 1300 2440 displicet
1313 2386 1337 2424 et
1350 2375 1417 2425 notio
1426 2375 1493 2426 rerbi
1502 2386 1526 2426 et
1535 2381 1706 2428 ususaeoundse

941 2465 1049 2515 personas
1062 2450 1099 2511 σε’,
1114 2465 1186 2514 quium
1199 2449 1224 2498 in
1240 2450 1355 2515 proximis
1368 2451 1445 2500 verbis
1464 2453 1576 2510 dadonem
1589 2447 1609 2502 ὧ
1622 2455 1722 2519 epiro-¹

941 2526 999 2574 θατε
1011 2524 1091 2574 statim
1109 2526 1138 2575 ad
1152 2523 1288 2575 adonidem
1307 2525 1383 2575 oratio
1403 2543 1515 2578 conrersa
1532 2527 1570 2576 sit.
1592 2528 1642 2577 Alii
1661 2529 1706 2578 alia

941 2608 1071 2659 tentarunt,
1084 2617 1127 2664 ego
1140 2601 1220 2667 recepi
1229 2601 1295 2663 quod
1308 2600 1423 2666 Berglsius
1436 2601 1495 2651 mibi
1510 2602 1638 2652 liberaliter
1649 2619 1704 2669 sup·

942 2675 1065 2739 peditavit.
1075 2704 1104 2712 -
1120 2679 1153 2725 V.
1168 2677 1301 2739 Sparnoi
1316 2679 1441 2742 Ἔρωτες,
1455 2694 1525 2742 quam
1540 2694 1620 2727 rocem
1636 2694 1705 2728 sensu

941 2766 1021 2799 carcre
1038 2751 1096 2800 dicit
1109 2751 1284 2802 Wordsttorth.
1296 2751 1323 2800 in
1341 2751 1464 2803 Theocrit.
1482 2769 1507 2819 p.
1531 2770 1574 2800 roa
1585 2791 1591 2812 ‚
1604 2753 1706 2818 ideoque

941 2826 1039 2874 mutarit
1052 2828 1076 2874 in
1088 2827 1167 2888 μόνοι,
1180 2837 1244 2875 recte
1257 2825 1399 2894 explicatam
1413 2844 1464 2876 exse
1483 2837 1540 2893 puto
1559 2845 1573 2878 a
1593 2827 1707 2878 aelectio

942 2901 967 2949 iu
981 2901 1056 2966 Sopb.
1069 2903 1109 2966 ej.
1123 2917 1145 2950 ν.
1161 2905 1218 2966 987.

974 2977 1010 3040 (9)
1028 2975 1125 3040 ἔμεινας
1142 2978 1195 3026 edd.
1222 2978 1282 3030 Call.
1305 2980 1372 3030 Crat.
1393 2978 1468 3028 Brnb.
1497 2979 1580 3028 Ursin.
1600 2980 1705 3046 Xyland.

942 3117 1047 3169 ltrunrlt.
1062 3118 1180 3168 Teuchor.
1193 3117 1283 3183 Briggs.
1296 3069 1388 3183 ἔμίίνας
1401 3071 1456 3186 tupi
1471 3136 1509 3169 ιο.
1524 3121 1586 3185 θῆρα
1603 3121 1630 3170 C.
1643 3119 1706 3184 apud

941 3193 1017 3244 Gaisi.
1033 3199 1116 3258 ltaque
1130 3193 1304 3244 admittendum
1317 3193 1400 3261 putari
1420 3193 1485 3259 quod
1504 3193 1642 3243 dubitanter
1657 3195 1706 3256 jam

943 3267 1066 3334 proposuit
1074 3267 1220 3318 Meineltius.
1229 3273 1345 3318 Praeterea
1356 3274 1387 3318 A.
1401 3267 1500 3334 Koeelrly
1511 3269 1587 3334 Conjj.
1598 3269 1622 3316 in
1634 3269 1707 3333 Apol·

942 3347 990 3396 lou.
1005 3355 1029 3394 et
1041 3351 1105 3414 Opp.
1122 3347 1186 3412 lips.
1202 3349 1274 3398 1838.
1288 3364 1313 3412 p.
1327 3364 1343 3410 9
1361 3363 1404 3412 pro
1422 3346 1558 3398 τοσσοῦτον
1572 3345 1673 3411 conjecit
1685 3348 1707 3396 ri

942 3420 1071 3471 τοσοῦτον.
1087 3426 1114 3470 lu
1127 3421 1190 3471 idem
1202 3419 1289 3470 incidit
1301 3421 1387 3485 Bergk.

974 3495 1027 3560 (ιο)
1044 3501 1081 3545 Ex
1093 3496 1147 3546 eod.
1163 3499 1267 3545 ro.-V.
1281 3505 1311 3557 74
1324 3497 1394 3545 ποθεῖ
1405 3511 1434 3544 ex
1444 3493 1508 3558 conj.
1523 3492 1605 3544 creti
1615 3504 1638 3544 ct
1647 3497 1708 3544 Her-

942 3571 1034 3621 manni.
1046 3599 1076 3608 -
1088 3575 1120 3622 V.
1137 3573 1167 3631 75
1180 3571 1251 3637 βάλλε
1265 3569 1309 3620 δν)
1321 3570 1465 3635 στεφάνοισι
1482 3568 1578 3618 delendi
1598 3568 1708 3618 existimo

942 3647 971 3696 iis
983 3662 1037 3712 qua
1050 3647 1118 3696 attuli
1131 3647 1155 3694 in
1171 3646 1254 3696 Jaltnii
1266 3647 1364 3695 Annali.
1380 3645 1441 3713 pbil.
1457 3655 1480 3694 et
1489 3644 1578 3711 paedag.
1592 3660 1616 3694 a.
1634 3647 1705 3702 ι844.

942 3723 989 3770 νοΙ.
1002 3725 1055 3770 XL.
1071 3739 1095 3786 p.
1113 3731 1169 3785 149.

975 3795 1027 3858 (ιι)
1045 3795 1152 3844 Correxit
1161 3795 1270 3848 Meinek.
1278 3795 1303 3844 in
1314 3793 1409 3854 adnot„
1418 3792 1535 3860 probante
1546 3791 1667 3842 Lnbecltio
1682 3791 1708 3841 in

942 3871 1078 3920 ltuttmnnni
1087 3872 1161 3937 ampl.
1176 3875 1220 3922 Gr.
1235 3876 1269 3921 lt.
1286 3889 1311 3938 p.
1324 3875 1367 3935 98.
1380 3871 1429 3918 Ριο
1441 3866 1557 3936 εὔπτερον
1567 3867 1654 3932 bergis.
1669 3883 1707 3916 ιιι-

942 3945 1046 4010 spicatnr
1059 3945 1174 4012 ἄπτερον,
1190 3947 1253 4012 quod
1269 3948 1379 4014 pharetra
1392 3943 1482 4010 sagittis
1495 3944 1526 3993 sit
1539 3959 1620 3994 raeoa.

125 4023 237 4091 apposito
252 4031 276 4070 et
287 4021 317 4070 ad
334 4021 401 4086 ὥρια
412 4021 493 4071 πάντα
506 4020 594 4070 omisso
606 4021 683 4071 dicam
699 4021 833 4070 accuratius
850 4021 897 4071 elio

127 4100 187 4148 Ιοοο.

976 4023 1028 4087 (ια)
1044 4023 1129 4082 λίδησι
1139 4025 1261 4089 χρυσείοις
1274 4024 1331 4072 dant
1344 4037 1437 4083 omncs,
1450 4029 1478 4069 ut
1493 4019 1602 4076 ridetur,
1616 4017 1709 4068 codices

943 4105 967 4145 et
979 4107 1067 4146 veteres
1077 4097 1194 4146 editiones
1206 4108 1302 4164 excepta
1314 4098 1354 4148 ed.
1365 4097 1438 4151 Flos..
1455 4097 1480 4145 in
1489 4111 1535 4160 qua
1546 4103 1636 4144 exstare
1649 4093 1708 4144 diri-

159 4174 195 4237 (7)
211 4170 337 4221 Immerito
348 4169 497 4237 Stephanum
510 4171 584 4220 wenti
597 4180 666 4228 suut,
681 4171 722 4236 qui
735 4173 805 4238 plena
825 4173 898 4221 inter·
943 4182 982 4221 tut·
995 4173 1127 4235 sittgulnris.
1143 4175 1265 4239 φορέοισιν
1279 4171 1349 4222 codd.
1363 4174 1390 4220 (l.
1408 4186 1443 4218 ro.
1461 4170 1519 4220 inde
1532 4169 1664 4236 probabilis
1681 4169 1709 4218 lit

128 4248 258 4316 punctione
272 4257 326 4314 pust
340 4247 414 4296 δείδιε
428 4246 505 4312 posita
522 4246 580 4296 iude
596 4263 691 4296 eversu
705 4251 735 4309 37
750 4263 835 4296 noram
850 4246 898 4294 dis·
943 4247 1024 4296 Gralii
1038 4257 1061 4295 rt
1074 4246 1173 4310 Briggsii
1187 4249 1320 4313 conjectura
1333 4262 1403 4311 quarn
1418 4243 1515 4295 adsciri.
1529 4243 1641 4294 liamdem
1652 4261 1708 4310 pro·

129 4323 267 4374 tinctionem
281 4322 417 4372 taciendam
433 4331 553 4388 putarent.
575 4323 636 4370 Nam
655 4321 726 4370 rerba
747 4323 805 4388 Ἀχὼ
823 4319 844 4370 δ’
856 4322 898 4372 ἂν·
944 4325 1007 4375 bavit
1020 4329 1186 4385 Hermonassa,
1201 4336 1225 4374 ut
1237 4325 1535 4388 r·elertMiilslmnttn.Leg.
1547 4321 1605 4370 dial.
1616 4341 1639 4387 p.
1656 4326 1708 4373 136.

128 4398 244 4448 τεὸδασεν
259 4399 314 4447 κτλ.
329 4398 461 4447 luculenter
479 4396 655 4456 demonstrent,
673 4407 760 4444 certum
775 4411 897 4461 personam
942 4404 1016 4452 ..ἱ
1032 4403 1062 4448 88
1079 4411 1103 4450 et
1121 4406 1152 4465 89
1165 4402 1249 4452 οὐκέτι
1261 4400 1408 4465 conjunctim
1426 4398 1481 4446 cod.
1507 4415 1545 4448 10.
1567 4397 1621 4445 edd.
1642 4401 1707 4447 Crat.

128 4474 216 4522 diserte
230 4473 302 4523 rerba
317 4471 412 4540 prteire.
422 4473 450 4522 ld
462 4471 504 4537 qui
516 4471 636 4522 intellexit
648 4471 769 4521 Herbinus
781 4482 899 4522 commate
944 4474 1018 4527 ltrub.
1033 4477 1175 4540 ἀειδόμενον
1190 4493 1225 4528 sc.
1239 4476 1292 4526 duri
1305 4475 1322 4526 i.
1337 4493 1359 4525 e.
1372 4475 1486 4524 ἀείδεται.
1500 4470 1538 4522 (tt.
1553 4471 1709 4522 Wonnosrsln'

129 4550 239 4601 distinxit
253 4558 305 4618 pust
318 4551 401 4606 ἀείδει,
416 4557 439 4597 ct
453 4563 533 4596 versus
547 4553 577 4610 37
592 4557 617 4598 et
636 4549 666 4597 38
687 4559 751 4597 arcte
763 4548 899 4614 copularit,
943 4557 1010 4620 Synt.
1022 4554 1123 4602 onomat,
1136 4559 1212 4604 Graec.
1225 4570 1288 4620 pars,
1300 4571 1351 4619 cap.
1363 4557 1395 4600 V.
1405 4551 1511 4614 inpetrent
1523 4558 1607 4596 canem
1616 4550 1708 4615 rinptin·

129 4636 156 4678 ut
179 4641 259 4675 rersus
279 4629 308 4688 37
326 4625 405 4674 dictus
421 4632 481 4673 essct
503 4639 532 4672 ex
551 4638 649 4688 persona
668 4623 769 4671 Veneris
788 4623 897 4672 dolentis.
944 4627 983 4686 lis,
998 4628 1348 4693 sttapndomt.tteroid.x11.
1365 4629 1424 4686 137:
1437 4619 1549 4671 desubito
1561 4623 1708 4694 nostrasliy·

130 4699 232 4752 lleskiui
242 4699 360 4748 ratiouem
370 4701 425 4764 jure
434 4698 568 4765 probarunt
579 4697 670 4747 seties.
689 4697 795 4748 Bruuck.
808 4698 897 4746 Walte·
944 4721 995 4750 men
1009 4713 1118 4752 cantatus
1133 4702 1247 4751 edorres
1258 4703 1337 4758 Venit,
1354 4703 1421 4765 cujus
1433 4699 1477 4746 loci
1490 4715 1528 4746 me
1542 4699 1665 4748 ndtnonuit
1677 4704 1707 4750 0.

131 4778 196 4828 irriti.
213 4775 336 4824 Gtitisstd·
355 4774 444 4838 litigas·
464 4773 573 4826 Boisssstt·
584 4801 616 4810 -
628 4777 658 4821 V·
678 4776 719 4822 5²·
739 4777 789 4836 Ego
808 4773 899 4836 conjeci
944 4777 1083 4828 Schneider.
1102 4779 1234 4828 remutandi
1248 4777 1348 4827 libidine
1362 4792 1399 4824 sne
1413 4783 1559 4824 avocatttrus.
1576 4777 1637 4823 Natu
1652 4777 1708 4823 srri·

129 4855 188 4918 πὰρ
202 4850 308 4912 στυγνὸν
323 4849 436 4914 βασιλῆα,
452 4847 538 4912 Bergk.
553 4847 626 4897 scribi
639 4848 743 4908 attitiae,
758 4847 899 4897 (bstbttci-
945 4855 1000 4903 bere
1013 4854 1077 4902 nolui
1096 4855 1132 4903 vel
1146 4853 1209 4920 qtiod
1226 4853 1282 4901 olins
1298 4849 1357 4899 mibi
1374 4851 1400 4898 in
1421 4857 1526 4897 mentctn
1541 4848 1605 4897 veuit
1627 4849 1705 4899 ἄειδε·

129 4932 179 4980 ster.
192 4929 244 4978 τὸν
259 4925 365 4988 στυγνόν
380 4925 432 4973 rott.
446 4924 476 4971 de
489 4923 628 4972 contusione
643 4923 763 4989 'sortiente
772 4923 813 4972 snt
827 4933 851 4972 et
861 4940 899 4972 ar·
946 4930 1019 4993 μόνον
1035 4933 1106 4994 μέλος
1119 4930 1201 4998 ᾅδεται
1214 4928 1265 4976 αἰαῖ
1280 4926 1315 4974 eet
1331 4924 1395 4990 qood
1407 4923 1507 4990 Kterhty
1523 4925 1538 4972 t.
1555 4925 1572 4972 t.
1584 4926 1707 4990 proposuit

131 5003 196 5054 tiruli
212 5007 300 5066 Unger.
322 5000 348 5048 iu
363 4999 500 5049 Zianmerm.
516 4998 641 5063 Epltemer.
654 5015 677 5049 a.
696 5000 767 5054 stes.
783 5016 808 5064 p.
827 5003 898 5056 ιι43.
944 5006 1023 5054 ἄειδεν
1038 5005 1077 5052 ἐὸν
1090 5007 1168 5067 μέλος,
1182 5002 1265 5071 ᾅδεται
1277 5001 1336 5050 αἰαῖ.

130 5077 341 5130 solemneter.
357 5074 381 5124 iu
402 5079 502 5125 Pausan.
522 5076 570 5125 rol.
586 5077 618 5124 tt.
632 5091 657 5141 p.
669 5089 722 5126 xxi.
740 5079 768 5124 ln
787 5073 832 5122 boe
847 5075 899 5142 ipso
978 5079 1030 5141 (stt)
1049 5078 1145 5127 Retinui
1160 5077 1266 5125 codicum
1279 5083 1301 5122 et
1311 5085 1416 5124 roterum
1430 5074 1562 5124 editionum
1573 5073 1706 5134 lectionem,

130 5155 213 5206 Bionis
220 5151 325 5202 carmine
332 5168 356 5202 ν.
371 5160 400 5213 74
418 5165 462 5216 pro
474 5149 515 5206 ταὶ
522 5148 610 5198 babent
618 5149 689 5202 codd.
704 5154 732 5202 C.
745 5167 783 5202 to.
792 5151 843 5199 τὸν.
853 5151 899 5198 Sed
945 5169 1018 5217 qtrum
1033 5169 1080 5200 nou
1093 5160 1212 5215 optinuerat,
1222 5166 1268 5214 qua
1282 5167 1307 5199 tc
1322 5148 1458 5198 lamentatio
1472 5157 1495 5196 et
1507 5148 1575 5197 dolor
1585 5147 1707 5198 Charilaus

131 5229 248 5296 scriptura
263 5228 355 5292 vulgata
370 5225 467 5275 luctasse
480 5225 575 5274 delendi
589 5235 676 5291 potest.
705 5227 897 5278 Cir.ltlosrh.l.
944 5226 1053 5276 acerbior
1063 5226 1134 5275 luerit
1151 5241 1221 5290 (rnatu
1239 5225 1370 5290 llynteuaei.
1391 5223 1509 5274 Aliudest
1529 5221 1590 5272 inira
1609 5223 1650 5278 ὀξὺ
1670 5225 1707 5272 λε’·
