4028 6042
728 457 826 517 οιιιιι
848 450 977 514 rnxor
992 446 1084 509 nene
1104 445 1208 506 zuen
1231 425 1452 504 rnrnnnno'e.

552 597 645 658 ΠΕΡΙ
667 591 831 655 ΣΗΠΙΑΣ.

362 733 516 811 Πανοῢργος
529 726 585 790 tert
595 724 643 799 πλν
659 721 735 806 φύσιν
750 725 767 794 ἡ
782 717 880 792 σηπία,

360 824 412 881 τῶν
427 821 547 902 θηρατῶν
558 813 710 875 κλέπτουσα
723 807 772 882 τὴν
783 803 941 886 κακουργίαν

296 933 344 970 ruer>
361 914 419 987 ὀμεῖ
432 908 483 988 γίιρ
495 905 658 988 ἀπόσφαγμα
669 908 721 966 τοῖς
733 896 839 978 ῥείθροις
852 892 944 972 μέλαν,

361 998 407 1058 καί
420 996 543 1056 λανθάνει
556 993 604 1065 τὴν
616 990 676 1073 ὀψιν
690 989 787 1046 ἐνδῦσα
796 981 899 1064 γνόφου,

309 1091 337 1166 (ο)
359 1086 406 1146 καί
416 1083 540 1166 τέρπεται
551 1085 658 1162 θηρῶσα
669 1075 717 1149 τὴν
730 1070 871 1154 σωτηρίαν.

361 1173 440 1235 Ἀλλδι
450 1172 544 1233 σκόπει
557 1169 594 1250 μὴ
610 1173 696 1240 ζῶσαν
711 1167 747 1231 εἰς
762 1169 854 1244 χεῖρας
864 1156 965 1224 λάθοις·

364 1265 443 1331 ἄλλος
454 1264 505 1345 γθιρ
518 1261 550 1321 ἀν
564 1257 656 1342 φθάνοι
666 1278 706 1322 τις
717 1255 747 1312 ἰκ
759 1249 851 1331 πείρας
863 1244 968 1327 βλέπων

296 1375 346 1414 ιντο
362 1352 469 1420 ὀδόντας
479 1351 544 1421 ὀξεῖς
556 1353 592 1417 εἰς
606 1345 756 1426 ἀπόκρυφον
772 1339 875 1416 στόμα,

363 1441 409 1501 καί
419 1443 508 1520 δῆγμα
520 1436 613 1520 πικρὸν
625 1433 651 1505 ἐξ
668 1436 707 1493 ἰοῦ
720 1425 896 1513 προηγμένον.

609 1580 742 1598 *U—

396 1676 489 1737 nuel
510 1664 721 1732 ΤΡΥΓΟΝΩΝ
741 1657 986 1723 ΘΑΛΑΣΣΙΩΝ.

362 1844 416 1903 Ἰοῖ
429 1837 456 1898 δέ
470 1832 555 1915 μεστθ
567 1829 613 1891 καί
625 1833 721 1912 φθορᾶς
733 1821 875 1904 ὀὶιιδρόμου

362 1934 414 1988 τῶν
425 1922 556 2006 τρυγόνων
569 1917 603 1978 τδι
617 1915 713 1994 κέντρα
724 1915 777 1972 τῶν
789 1907 946 1970 θαλαττίων·

363 2010 400 2083 οἷς
413 2014 460 2075 καί
471 2008 578 2083 τεθηλὸς
591 2005 623 2065 ἀν
635 2006 741 2082 ἀμυχθῇ
756 1998 880 2080 δενδρίον,

299 2131 349 2172 tuen
366 2101 535 2186 μαραίνεται,
550 2100 596 2176 ζῇν
607 2090 694 2154 σι’νκέτι
707 2087 859 2166 δυνάμενον.

312 2201 344 2277 (5)
360 2194 428 2275 [Καί
437 2188 496 2256 τοίις
506 2188 588 2252 ἁλιεῖς
602 2179 680 2263 φασίν
696 2174 812 2242 ἐκτόπως
827 2171 932 2254 τρέμειν

363 2281 397 2340 τθι
407 2279 523 2359 δυσχερῆ
536 2271 583 2351 μὲν
597 2274 683 2328 ταῦτα
696 2270 741 2324 τοῦ
757 2262 823 2333 ζώου
838 2261 912 2341 βέλη.

362 2368 409 2431 Ἂν
423 2366 474 2448 γάρ
485 2387 524 2430 τις
534 2360 621 2426 αὐτοῖς
630 2357 684 2423 τοῖς
695 2352 829 2417 κακίστοις
838 2347 963 2430 κιντρίοις

364 2459 469 2534 πληγῇ,
482 2451 556 2528 μολις
564 2469 593 2506 τε
606 2449 658 2504 τῶν
668 2445 765 2524 ἰατρῶν
780 2437 889 2516 ἡτέχνη

299 2568 350 2608 teto
362 2544 467 2627 ῥύσαιτ’
481 2539 511 2599 ὀιν
522 2536 601 2596 αότόν
616 2538 664 2605 τῆς
676 2540 757 2612 φορᾶς
766 2535 811 2587 τοῦ
824 2523 954 2616 κινδύνου.

362 2631 456 2716 (Οὕτω
465 2653 496 2709 γε
505 2624 579 2709 φασί·
592 2622 641 2683 κάν
652 2643 717 2680 ποτε
729 2621 793 2686 ζῶον
808 2615 877 2694 τύχῃ

365 2725 467 2804 τρωθῆν
476 2716 587 2799 ἀφειδῶς
600 2713 653 2778 τοῖς
667 2707 756 2774 ὅπλοις
770 2707 857 2770 αὐτοῖς
867 2701 958 2772 πάλιν,

363 2812 410 2868 οὐκ
424 2809 460 2874 εἰς
472 2800 577 2884 μακρδιν
583 2799 705 2870 τέθνηκεν
720 2793 842 2873 οἰκτίστῳ
855 2789 955 2872 μόρῳ.)

298 2898 341 2980 (ιο)
359 2895 428 2978 Πρός
439 2902 493 2960 τοῖς
505 2887 640 2970 γελοιπδν
653 2885 699 2944 καί
709 2877 835 2963 πραύνειν
848 2879 908 2946 τοὺς
923 2877 1016 2942 πόνους

301 3007 350 3047 rete
365 2984 424 3051 τοὺς
438 2978 628 3063 σφοδροτάτου(
641 2978 693 3032 τῶν
707 2969 818 3030 ὀδόντων
833 2968 923 3040 ὀξέως,

365 3073 410 3132 καί
423 3067 568 3150 συντρίιῖειν
580 3063 697 3143 μάλιστα
709 3058 767 3126 τοθς
783 3054 964 3139 βεύρωμένους

365 3157 471 3225 ὀδόντας
485 3151 578 3222 αὐτούς
588 3155 613 3212 τ’
628 3149 728 3231 ἐξάγειν
743 3141 902 3228 ἀνωδύνως]

601 3295 720 3312 μ

399 3388 494 3449 ΠΕΡΙ
514 3381 727 3448 termene
749 3373 986 3440 ΘΑΛΑΣΣΙΩΝ.

370 3545 426 3617 Τὴν
439 3544 568 3624 κερδαλῆν
583 3539 612 3600 δέ
625 3561 690 3621 φασι
703 3535 751 3608 τὴν
763 3533 916 3606 θαλαττίαν,

273 3689 275 3696 .
370 3635 423 3701 τοῖς
434 3630 552 3710 ἐγκάτοις
562 3628 701 3708 ἄγκιστρον
714 3623 922 3703 εἶσδεδεγμένην,

283 3741 284 3744 ’
304 3744 355 3784 tenu
369 3725 454 3804 σοφῶς
468 3716 563 3788 ἑαυτὴν
579 3714 631 3774 ἀπὸ
644 3718 696 3772 τῶν
710 3711 781 3770 ἔνδον
794 3709 925 3791 στρέφειν,

369 3813 404 3877 ῶς
416 3805 560 3888 ἰματισμδν
575 3805 690 3887 σηρικῶν
708 3797 880 3881 ὑφασμάτων·

273 3887 279 3896 ⁵
314 3903 344 3980 (ο)
367 3905 402 3968 ὡς
414 3897 446 3956 διν
461 3892 584 3977 θχαλκδς
595 3887 722 3970 ὀμπαγεῖς
734 3885 871 3967 διεκπέση.

640 4033 770 4048 ..ι-ἅ

397 4144 491 4211 ΠΕΡΙ
513 4137 703 4202 ΙΟΥΛΙΔΩΝ
726 4135 806 4219 [ΚΑΙ
828 4134 1003 4218 ΛΑΙῺΟΥ)

373 4299 443 4361 Φύει
458 4295 505 4376 μὲν
519 4301 537 4368 ἡ
550 4294 671 4355 θάλασσα
685 4289 731 4358 τὰς
747 4288 873 4362 ἰουλίδας,

371 4389 427 4447 ἔστι
442 4385 470 4446 δέ
485 4381 648 4467 φαυλότατον
660 4376 759 4459 ἰχθύων
770 4376 855 4457 γένος,

308 4501 359 4540 nunu
373 4477 419 4537 καί
429 4473 489 4542 τοθς
501 4478 527 4533 έν
543 4475 637 4538 ἀκταῖς
652 4470 752 4548 μᾶλλον
766 4469 865 4526 οἰκοῦσι
878 4464 972 4534 λίθους·

374 4564 456 4624 δειναί
472 4561 500 4621 δὲ
511 4561 602 4621 λυπεῖν
614 4555 673 4624 τοθς
684 4560 710 4616 ἐν
722 4553 899 4636 ύδροθηρίαις,

322 4656 354 4733 (ε)
368 4654 430 4712 ὅταν
442 4655 501 4712 κατ’
514 4652 599 4708 αὐτῶν
613 4649 750 4726 εἷσρυῶσιν
762 4643 862 4725 ἀθρόαι.

372 4737 535 4819 Γεγευμέναι
548 4736 577 4796 δέ
589 4759 657 4803 τινος
671 4731 760 4814 ἰχθύος
771 4731 863 4810 μόνον,

376 4827 494 4908 ἀόρωτον
510 4826 646 4907 ἀπέφηναν
660 4822 738 4882 αὐτὸν
754 4820 856 4896 εὐθέως·

310 4939 360 4978 leun
372 4916 470 4995 ἰαῖιγόιρ
485 4917 575 4994 αὐταῖς
587 4915 685 4992 πλῆρες
698 4910 753 4970 ἐστὶ
764 4909 794 4968 τὸ
806 4909 900 4988 στόμα.

375 5003 435 5066 Κάν
447 5027 486 5071 τις
492 5003 536 5060 τὸν
548 5001 623 5080 ἰχθύν
634 5003 733 5080 ἀγνοῶν
747 4998 876 5070 ἐπεσθίοι,

310 5095 355 5174 (ιο)
380 5098 503 5172 στροφαῖς
512 5090 610 5148 ὀδυνῶν
626 5093 699 5171 ἑστιᾷ
713 5085 761 5160 τλν
778 5086 908 5168 γαστέρα,

377 5187 412 5249 ῶς
426 5179 471 5240 καί
481 5177 588 5256 λαγωθν
599 5178 623 5235 εἰ
636 5175 774 5235 θαλάττιον
789 5175 877 5258 φάγοι.

375 5270 446 5348 Ιίρδς
460 5267 511 5348 γὰρ
521 5266 565 5326 τὸν
579 5268 610 5324 ἰκ
619 5269 667 5341 γῆς
676 5264 834 5332 ὑπεναντίως
849 5263 917 5342 ἔχει,

1763 441 1897 512 (σιω-ωε)

1337 589 1390 639 10⁵
1415 577 1487 656 (νο).
1512 577 1563 637 ne
1584 575 1707 635 SEPIA.

1130 709 1221 760 callide
1230 711 1360 760 estneture
1373 707 1507 770 renuente,

1130 799 1278 863 piscatorum
1287 797 1388 848 eludens
1399 795 1534 846 melitium:

1130 889 1206 938 vomit
1217 888 1281 938 enim
1291 887 1433 938 cruoremin
1447 884 1525 934 nudes
1534 889 1627 943 etrum,

1131 978 1156 1027 et
1165 976 1249 1038 effugit
1259 977 1383 1038 aspectum
1393 973 1478 1024 indute
1484 971 1611 1028 tenebras,

1131 1070 1157 1116 et
1167 1066 1264 1116 tentetur
1275 1068 1375 1128 neptune
1384 1063 1496 1114 salutern.

1132 1153 1180 1206 Sed
1190 1167 1285 1204 uerene
1297 1152 1378 1202 vivam
1389 1151 1414 1201 tn
1425 1163 1511 1200 manns
1521 1162 1603 1199 sumes
1617 1163 1623 1196 :

1133 1243 1233 1295 nemete
1244 1242 1306 1292 etius
1315 1241 1371 1304 quis
1381 1243 1406 1290 te
1414 1240 1480 1304 prior
1490 1237 1635 1302 experiendo
1646 1235 1784 1298 cognoverit

1134 1334 1219 1382 dentes
1226 1334 1309 1381 acutus
1318 1330 1344 1379 in
1352 1343 1395 1380 ore
1407 1327 1530 1380 reennditn

1134 1425 1158 1473 et
1169 1420 1284 1471 aeerbunr
1295 1432 1404 1470 morsum
1415 1433 1445 1469 ex
1454 1430 1547 1468 venenu
1556 1417 1659 1466 ittetum.

1473 1546 1598 1561 u—

1200 1656 1252 1707 106
1276 1645 1346 1726 (91).
1369 1645 1420 1704 DE
1442 1642 1671 1703 PASTINACIS
1692 1640 1858 1702 uternis.

1134 1801 1226 1853 Veneni
1238 1803 1320 1851 eutem
1331 1800 1395 1863 pleni
1403 1800 1428 1849 et
1439 1799 1524 1849 mertis
1536 1797 1735 1862 praesentissime

1134 1893 1197 1940 eunt
1208 1889 1384 1953 uestimentum
1393 1887 1470 1937 aculei
1480 1885 1626 1936 murinarum
1639 1900 1646 1934 ε

1136 1979 1224 2043 quibus
1238 1979 1311 2029 etiem
1320 1977 1408 2029 tlorens
1420 1978 1441 2027 si
1452 1977 1574 2026 saucietur
1584 1975 1664 2036 arbor,

1136 2069 1235 2131 erescit,
1246 2082 1294 2118 nnn
1305 2067 1410 2132 emplius
1422 2066 1504 2117 rivere
1515 2066 1607 2115 velens.

1134 2149 1176 2214 [et
1187 2159 1320 2220 piseetnres
1329 2156 1414 2206 dieunt
1424 2156 1582 2206 vehementer
1592 2159 1700 2205 metuere

1135 2246 1216 2308 gravia
1227 2245 1326 2308 quidem
1337 2245 1391 2296 haee
1397 2245 1526 2294 animantis
1536 2245 1600 2294 itlius
1611 2247 1667 2294 tete.

1134 2337 1195 2384 Nem
1205 2333 1226 2383 si
1235 2334 1291 2396 quis
1299 2333 1364 2382 trisne
1374 2331 1485 2396 pessimis
1495 2331 1584 2380 aculeis

1135 2427 1197 2472 ictus
1209 2422 1295 2482 tuerit,
1313 2422 1352 2472 vir
1365 2421 1516 2470 medimnum
1527 2432 1567 2469 ere

1135 2511 1220 2561 liberet
1233 2510 1302 2560 iltum
1313 2524 1328 2559 α
1341 2510 1457 2574 precipiti
1471 2508 1586 2572 periente.

1135 2589 1188 2672 (εἰς
1199 2600 1283 2650 dicunt
1296 2615 1303 2650 :
1316 2599 1388 2649 etiem
1398 2600 1418 2648 si
1430 2595 1527 2662 quando
1541 2597 1590 2647 tere
1602 2599 1634 2647 stt

1135 2689 1261 2739 vulnerate
1272 2689 1368 2752 largiter
1377 2687 1451 2738 ermis
1461 2687 1509 2736 iltis
1518 2700 1627 2748 rursum,

1135 2783 1190 2840 post
1201 2779 1299 2828 brevem
1309 2791 1403 2828 morem
1414 2777 1502 2828 oceidit
1512 2776 1715 2826 miserabilissime
1724 2767 1820 2848 ιιιοιια)

1135 2867 1331 2916 Ριωίειοιιεῑίυια
1341 2865 1433 2916 dtcuut
1440 2869 1589 2928 pastinacae
1594 2867 1715 2915 eculeum
1722 2863 1911 2928 mitigeredntnrer

1135 2955 1360 3006 vehementissimos
1372 2955 1481 3006 nentium
1493 2954 1613 3018 celeriter,

1133 3049 1159 3094 et
1169 3049 1294 3095 conterere
1304 3045 1409 3094 maxime
1419 3057 1504 3094 exesos

1134 3136 1220 3186 dentes
1229 3147 1320 3198 eosque
1329 3135 1415 3198 ejicere
1426 3135 1478 3184 stne
1490 3132 1590 3198 dolere]

1480 3263 1596 3278 navum-fl

1222 3381 1274 3432 107
1299 3370 1368 3450 (92).
1390 3371 1441 3432 DE
1463 3369 1653 3431 VULPIBUS
1675 3371 1846 3433 MARINlS.

1138 3544 1241 3603 Vulpem
1255 3542 1336 3590 autem
1350 3541 1449 3589 narrent
1461 3553 1593 3598 munnere,

1139 3631 1210 3678 treme
1222 3629 1247 3678 in
1259 3627 1390 3680 visceribus
1399 3631 1511 3690 recente„

1140 3719 1248 3770 sollerter
1259 3732 1289 3769 ex
1302 3717 1431 3768 interaneis
1442 3730 1468 3766 se
1478 3717 1598 3768 invertere

1141 3814 1166 3859 ut
1179 3813 1272 3858 vestem
1284 3808 1366 3858 seriem
1377 3809 1494 3868 texture,

1141 3912 1233 3961 queres
1245 3899 1380 3947 tutesttnts
1392 3895 1493 3946 intutum
1506 3895 1612 3946 excidet·

1476 4031 1590 4043 .-——-

1176 4146 1231 4197 ms
1254 4133 1325 4213 (ιι).
1347 4133 1399 4192 nn
1421 4131 1618 4192 numeneus
1641 4131 1702 4210 [en
1723 4130 1888 4208 neuneu.

1142 4296 1223 4359 Gignit
1232 4307 1298 4344 mere
1307 4293 1393 4341 tutides
1399 4306 1407 4352 ;

1142 4389 1180 4438 est
1188 4388 1269 4437 autern
1281 4383 1326 4434 tenc
1336 4381 1470 4446 pessimum
1480 4391 1556 4440 genus
1566 4376 1683 4440 piscium,

1141 4479 1166 4527 et
1179 4472 1357 4525 littorettnsnxe
1372 4468 1448 4530 magis
1458 4467 1587 4517 incolunt:

1141 4571 1166 4616 et
1180 4564 1266 4615 tendere
1275 4561 1356 4609 valent
1363 4559 1489 4607 venatores
1500 4555 1648 4615 maritimus,

1142 4653 1238 4718 quaudo
1250 4651 1274 4701 in
1287 4663 1329 4700 eos
1341 4647 1436 4697 irruunt
1446 4644 1582 4696 confertim.

1143 4749 1224 4803 anm
1235 4745 1316 4792 autern
1328 4738 1419 4801 nucem
1428 4735 1533 4798 aliquem
1543 4737 1671 4796 gustarunt
1682 4732 1769 4796 medo,

1142 4831 1273 4882 inhabitem
1284 4841 1340 4878 eum
1354 4825 1385 4874 nd
1397 4824 1519 4874 edendnm
1530 4821 1635 4874 reddunt
1645 4822 1727 4873 stetim
1740 4837 1747 4872 ε

1142 4935 1199 4971 narn
1210 4918 1295 4968 veneni
1304 4916 1364 4978 ipsis
1373 4914 1471 4977 plenum
1481 4917 1519 4962 est
1527 4926 1565 4962 es.
1575 4937 1578 4944 ·

1145 5015 1175 5061 Et
1185 5010 1206 5058 si
1217 5008 1272 5070 quie
1282 5005 1353 5056 telem
1363 5004 1453 5067 piscem
1465 5003 1563 5052 nescius
1574 5001 1699 5058 comedet.

1143 5097 1289 5150 terminibus
1301 5096 1393 5146 ventris
1401 5093 1516 5144 tebertus
1529 5091 1611 5142 eibum
1623 5091 1701 5154 repit,

1128 5215 1129 5218 =
1143 5187 1209 5252 qnod
1220 5187 1292 5236 etiem
1304 5185 1331 5233 ut
1342 5186 1362 5234 ei
1374 5184 1479 5247 leporem
1489 5180 1609 5231 marinum
1618 5179 1684 5229 edet.

1143 5279 1205 5328 Nem
1215 5274 1246 5324 ιιιί
1255 5278 1392 5326 terrestrem
1405 5271 1518 5336 teporem
1526 5267 1646 5321 nentmrie
1654 5270 1693 5319 eet
1704 5268 1800 5326 Ιιιιιιιιι,
