4058 6092
657 947 1202 1094 PRAEFATIO.

194 1794 232 1857 tu
250 1788 307 1858 his
330 1791 443 1885 poetis
465 1787 614 1857 edendis
626 1811 736 1881 quam
755 1802 821 1856 stm
843 1808 1019 1858 renonem
1038 1797 1202 1870 secutus,
1223 1779 1290 1850 etsi
1307 1778 1417 1860 latere
1436 1799 1509 1846 non
1528 1787 1646 1870 potest
1661 1771 1722 1868 qui

51 1945 56 1952 ·
148 1919 695 2013 hujusbibliothecaeconsilium
707 1933 885 2014 spectant,
904 1917 1060 1988 breviter
1070 1929 1187 1984 tamen
1200 1908 1459 2008 exponendum
1469 1905 1724 1977 videturttute

147 2053 269 2121 onmia
288 2051 323 2120 id
340 2078 406 2148 pro
421 2052 545 2145 exigua
556 2050 688 2121 virium
707 2074 868 2119 mearum
886 2045 1052 2118 facultate
1071 2044 1206 2134 curavi,
1225 2059 1264 2114 ut
1284 2041 1390 2114 verba
1410 2053 1596 2136 poetarum
1610 2036 1723 2108 buco·

32 2279 35 2286 Ι
147 2183 300 2254 licorum
318 2197 495 2278 quantum
515 2181 592 2251 fieri
610 2197 731 2277 posset
751 2179 1043 2250 emendatissima
1066 2177 1332 2248 exhiberentur.
1354 2177 1584 2269 Quapropter
1608 2194 1723 2266 quum

148 2341 278 2386 novam
313 2314 560 2384 recensionem
589 2313 818 2394 constituere¹
839 2336 906 2381 nec
931 2312 1073 2382 animus
1106 2333 1225 2404 neque
1249 2305 1399 2378 facultas
1428 2317 1535 2392 esset,
1568 2301 1723 2373 fundum

146 2446 254 2540 hujus
273 2446 443 2516 editionis
462 2444 529 2514 ieci
547 2450 703 2516 Auonsrr
724 2448 895 2513 Msmsxrr
915 2441 1213 2536 recognitionem,
1239 2461 1320 2533 quae
1334 2435 1492 2508 Berolini
1517 2459 1548 2506 a.
1578 2431 1668 2506 1836
1687 2433 1723 2502 in

147 2579 264 2648 lucem
286 2577 415 2647 emissa
432 2576 557 2646 ceteris
573 2575 775 2646 editoribus
789 2573 947 2671 palmam
965 2572 1161 2670 praeripuit.
1182 2569 1254 2640 Sed
1267 2591 1486 2665 quamquam
1505 2563 1724 2636 Meinekium

148 2709 183 2778 in
210 2708 376 2804 plurimis
399 2707 490 2778 locis
511 2706 738 2802 sequendum
758 2704 899 2801 putavi,
915 2717 1034 2774 tamen
1052 2725 1202 2773 menon
1223 2701 1272 2771 ita
1287 2700 1321 2770 ei
1337 2699 1440 2796 quasi
1463 2698 1501 2768 in
1520 2697 1725 2768 servitutem

146 2837 280 2926 addixi,
304 2852 344 2909 ut
363 2863 510 2908 omnem
536 2839 767 2932 scripturam,
787 2859 895 2930 quam
917 2833 972 2902 vir
1001 2832 1229 2902 acutissimus
1248 2832 1285 2900 in
1304 2829 1433 2926 quovis
1461 2827 1543 2906 loco
1568 2825 1723 2924 recepit,

148 2978 318 3046 intactam
336 2975 590 3070 relinquerem.
607 2977 724 3044 Meum
740 2972 863 3068 potius
871 2970 1050 3066 judicium
1061 2985 1207 3040 secutus
1221 2968 1415 3066 saepissime
1426 2965 1472 3040 ab
1488 2965 1549 3036 illo
1564 2963 1725 3052 discessi,

147 3108 219 3176 sire
236 3105 336 3202 quod
358 3105 502 3176 codices
519 3105 625 3174 bonae
645 3119 740 3172 notae
755 3103 859 3172 aliam
876 3101 1092 3196 scripturam
1111 3099 1434 3188 commendabant,
1455 3099 1528 3168 sive
1547 3095 1650 3194 quod
1668 3093 1725 3165 alii

147 3235 311 3305 homines
329 3235 451 3322 docti,
483 3234 602 3330 quiin
630 3233 688 3302 bis
717 3233 832 3328 poetis
851 3231 1088 3302 emendandis
1110 3232 1394 3328 enarrandisque
1422 3255 1530 3301 suum
1563 3227 1726 3300 studium

146 3381 361 3464 posuerunt,
388 3365 433 3435 de
460 3365 598 3438 selectis
630 3363 848 3460 quibusdam
873 3364 961 3434 locis
992 3366 1047 3436 vel
1077 3367 1207 3436 rectius
1235 3365 1407 3438 statuisse·
1432 3364 1488 3433 vel
1510 3363 1604 3434 viam
1632 3375 1728 3434 certe

149 3514 366 3570 monstrasse
388 3497 619 3584 videbantur,
648 3521 728 3591 quae
753 3497 796 3566 ad
823 3521 941 3566 reram
961 3496 1153 3570 lectionem
1180 3499 1405 3596 perduceret.
1433 3503 1474 3569 ln
1490 3497 1581 3569 locis
1606 3510 1726 3568 autem

146 3633 193 3701 ita
211 3630 416 3726 corruptis,
449 3643 488 3698 ut
507 3626 599 3698 nihil
618 3627 741 3697 auxilii
765 3652 807 3697 ex
829 3627 931 3700 libris
957 3654 1065 3701 manu
1089 3633 1231 3727 scriptis
1249 3645 1481 3728 suppeteret,
1510 3630 1617 3701 etiam
1644 3651 1728 3700 con·

142 3767 313 3860 jectnras,
333 3787 414 3861 quae
432 3765 587 3834 maxime
605 3761 810 3859 probabiles
824 3789 900 3834 esse
914 3764 1136 3854 viderentur,
1148 3765 1185 3836 in
1202 3765 1370 3837 ordinem
1384 3764 1582 3836 verborum
1596 3760 1726 3858 recepi.

145 3901 199 3967 De
220 3897 388 3985 dialecto,
412 3921 485 3993 qua
505 3896 559 3966 usi
589 3911 673 3965 sunt
699 3911 813 3992 poetae
840 3895 1022 3986 bucolici,
1050 3898 1199 3969 uberius
1225 3897 1410 3994 disputare
1436 3922 1510 3968 nou
1544 3909 1599 3968 est
1615 3892 1727 3989 hujus

146 4027 230 4113 loci,
248 4028 447 4123 praesertim
462 4051 575 4121 quum
598 4025 673 4097 baec
694 4026 890 4122 disputatio
909 4030 1108 4100 etiamnum
1135 4031 1325 4127 permultis
1348 4027 1640 4101 dubitationibus
1663 4025 1728 4098 ob·

147 4161 255 4230 noxia
271 4160 316 4230 sit
334 4158 490 4253 ideoque
510 4182 583 4227 uon
600 4173 708 4252 queat
731 4159 856 4253 paucis
879 4159 1028 4231 absolvi.
1054 4163 1204 4231 interim
1228 4161 1324 4232 hanc
1347 4161 1436 4232 mihi
1453 4159 1566 4254 legem
1586 4157 1725 4256 scripsi,

148 4308 206 4380 ut,
225 4292 253 4361 si
271 4317 290 4361 a
310 4290 474 4360 minutiis
498 4289 719 4388 quibusdam
739 4289 802 4360 ubi
822 4307 996 4363 constans
1022 4317 1097 4364 esse
1118 4294 1216 4364 volui
1242 4294 1466 4380 discesseris,
1491 4291 1582 4363 nihil
1606 4290 1727 4362 invitis

146 4425 332 4496 codicibus
351 4425 433 4496 loco
455 4449 649 4495 moverem.
671 4424 801 4518 Major-a
821 4423 1003 4520 praestabit
1031 4431 1074 4495 H.
1096 4431 1130 4495 L.
1156 4425 1311 4512 Adrens,
1332 4426 1394 4522 qui
1415 4425 1541 4496 eximia
1560 4425 1726 4498 doctrina

148 4573 184 4628 et
199 4562 387 4654 sagacitate
405 4558 451 4629 de
471 4557 717 4652 dialectologr‘u
737 4556 811 4650 jam
836 4559 974 4652 egregie
994 4562 1142 4628 meritus
1164 4572 1229 4629 est.

196 4693 296 4760 Hanc
313 4692 421 4786 igitur
433 4690 609 4760 rationem
626 4691 710 4759 inivi
723 4691 758 4758 in
780 4704 854 4759 arte
872 4690 995 4760 critica
1016 4690 1223 4760 factitanda.
1236 4694 1312 4760 dam
1327 4688 1670 4783 sequitur-utdicam
1681 4689 1727 4762 de

146 4820 314 4892 subsidiis
331 4822 428 4890 meis.
449 4825 578 4892 Praeter
599 4821 777 4891 editiones
796 4819 947 4907 Heinsii,
963 4820 1166 4908 Sbeldonii,
1188 4821 1333 4910 tteiskii,
1346 4823 1523 4910 Wartoni,
1542 4823 1724 4904 Brunckii,

150 4951 389 5038 Valckenarii,
409 4951 582 5038 Harlesii,
606 4953 770 5045 Piieneji,
798 4953 964 5038 struthii,
982 4953 1114 5041 Dablii,
1132 4953 1318 5040 Schaeieri,
1341 4951 1566 5048 Kiesslingii,
1590 4957 1725 5044 uestit,

147 5083 304 5178 Briggsii,
321 5082 509 5177 utriusque
527 5083 700 5170 Jacobsii,
723 5086 996 5174 Witstemauni,
1028 5084 1170 5170 l)id0ti‚
1198 5084 1426 5169 Boissouedi,
1466 5087 1610 5178 weisii,
1638 5113 1728 5186 quas

147 5241 274 5285 omnes
299 5229 463 5284 accurate
484 5215 619 5311 inspexi
643 5241 716 5286 nou
739 5217 815 5286 siue
834 5216 956 5296 aliano
987 5216 1127 5297 fructu,
1155 5217 1292 5286 etiamsi
1324 5213 1506 5288 interdum
1535 5241 1611 5290 non
1637 5221 1727 5293 alius

264 5341 421 5388 dunecanus.
1589 5359 1611 5400 a

889 5776 1166 5914 21‘379342
