4058 6092
314 405 404 481 ..aa
989 399 1200 461 remano.

338 533 365 578 tn
378 527 490 577 Heluetii
501 527 627 577 cdltlom:
831 532 857 574 tn
872 525 1048 575 haecditionc:
1126 527 1216 606 ἐπῄνει
1234 531 1392 607 suspicatus
1410 541 1453 587 est
1466 530 1593 605 Briggs„
1607 541 1694 604 quem
1714 533 1833 584 muts
1851 535 1908 582 est

367 639 414 694 9²·
437 615 569 693 ἀλλήλῃσι
585 657 870 674 ..........
885 615 1027 685 ἀλλήλαισι
1039 617 1079 696 (ι)
1125 618 1328 675 Boissonadus.
1346 616 1402 676 Sed
1422 617 1510 693 magis
1526 616 1585 692 jam
1602 615 1697 691 placet
1717 611 1798 690 qnod
1815 631 1905 669 con-

368 705 416 780 95.
439 704 485 760 καί
502 727 545 778 μιν
569 745 938 761 .............
951 704 977 758 αῖ
990 701 1037 777 μὲν
1120 702 1191 778 jecit
1213 709 1244 762 C.
1261 702 1475 762 Wordsworth.
1501 705 1529 760 in
1551 701 1674 759 Theocr.
1695 703 1727 778 iu,
1754 699 1836 756 136:
1867 699 1904 755 τὸ

369 812 416 866 97.
437 789 583 868 τοσήμερον
607 833 852 852 .........
865 789 894 846 τὸ
908 787 1024 866 σήμερον
1036 791 1078 868 (a)
1123 790 1225 868 στόμα·
1241 790 1322 848 καλὸν
1342 791 1440 860 ἄειδεν,
1453 794 1467 848 θ
1488 791 1511 846 δ’
1525 788 1590 848 etta
1602 796 1684 868 γᾶρυν
1696 785 1806 864 ἐπῄνει,
1824 789 1903 844 coll.

307 881 342 937 In
349 879 477 936 carmine
490 879 587 936 Bionis
601 879 633 936 θ’
647 876 716 954 [lE‘]
731 897 821 952 quum
836 879 917 953 optio
928 876 999 934 mihi
1012 877 1078 936 data
1121 879 1243 935 Theocr.
1258 899 1292 953 9,
1307 901 1322 951 7
1335 901 1343 949 3
1366 900 1416 950 11,
1438 877 1493 947 55;
1514 890 1543 933 et
1558 880 1626 932 Stat.
1645 873 1749 934 achill.
1768 879 1798 944 l,
1822 875 1901 944 576.

307 977 391 1036 esset,
404 977 503 1022 utrum
518 965 637 1021 vitiosas
656 962 797 1020 librorum
814 965 972 1041 scripturas
990 967 1078 1022 relin-
1122 971 1221 1043 ltaque
1233 986 1296 1024 earn
1310 966 1505 1042 conjecturam
1516 964 1709 1022 admisi—V.
1721 962 1766 1019 25.
1781 965 1901 1040 Recepi

307 1072 425 1127 querem
439 1054 569 1126 intactas,
582 1052 611 1108 id
624 1052 702 1127 quod
713 1053 876 1110 cautissime
889 1053 957 1110 fecit
968 1055 1077 1112 Meine-
1122 1055 1200 1130 quod
1221 1055 1345 1132 protulit
1360 1054 1521 1112 Meinekius
1541 1057 1572 1110 in
1587 1051 1783 1110 adnotatione.
1798 1093 1839 1102 -
1858 1057 1900 1108 V.

307 1141 380 1208 lius,
391 1161 427 1197 an
442 1141 538 1217 plnres
551 1139 729 1216 conjecturas
743 1161 848 1218 easque
863 1141 1031 1199 audaciores
1046 1145 1075 1199 in
1123 1145 1159 1200 nn
1175 1162 1239 1200 cum
1256 1144 1415 1219 Lennepio.
1431 1175 1470 1185 —
1488 1148 1522 1199 V.
1535 1161 1573 1216 29
1589 1161 1625 1198 ex
1638 1140 1900 1216 suspicioncller·

307 1226 438 1284 ordinem
451 1227 605 1285 verborum
619 1227 790 1303 reciperem,
803 1247 857 1303 ego
869 1229 980 1284 ratione
991 1229 1077 1304 hujus
1122 1233 1234 1302 manni,
1249 1232 1303 1288 nisi
1324 1232 1399 1288 forte
1419 1230 1562 1306 scriptura
1576 1230 1690 1304 vulgata
1709 1228 1749 1285 ita
1770 1227 1898 1284 delendi

306 1311 490 1373 bibliothecae
513 1314 612 1373 habita
629 1318 772 1392 posterius
787 1316 917 1391 praetuli,
937 1336 994 1372 non
1019 1337 1076 1392 quo
1122 1330 1232 1394 potest,
1256 1332 1288 1375 ut
1311 1330 1442 1376 sumatur
1462 1321 1556 1396 σχῆμα
1577 1315 1636 1375 καθ’
1655 1314 1715 1374 ὅλον
1740 1315 1785 1372 καὶ
1812 1316 1901 1394 μέρος

307 1417 398 1461 certas
411 1402 519 1481 ubique
532 1403 668 1461 haberem
685 1405 866 1477 conjecturas
879 1417 1017 1480 receptas,
1026 1405 1076 1462 sed
1121 1406 1208 1482 idque
1222 1408 1261 1464 ita
1277 1419 1492 1484 comparatum,
1506 1418 1537 1462 ut
1550 1402 1609 1462 ὅλον
1628 1404 1824 1481 postpositum
1841 1404 1897 1463 sit.

307 1501 339 1545 ut
350 1488 406 1565 legi
417 1503 497 1547 certe
514 1502 611 1566 posset
622 1489 678 1546 hoc
693 1509 808 1546 carmen
823 1489 1074 1565 elegantissimum·
1120 1497 1189 1550 Haec
1204 1507 1246 1552 est
1259 1499 1296 1554 0.
1313 1493 1480 1551 Schneideri
1492 1492 1642 1552 sententia.
1658 1534 1695 1544 -
1710 1497 1745 1549 V.
1755 1493 1789 1548 31
1808 1493 1899 1567 Brig-

305 1581 406 1654 Itaque
420 1579 460 1636 nil
476 1592 607 1654 superest
624 1579 677 1636 nisi
697 1590 730 1634 ut
747 1578 892 1648 indicem,
908 1599 924 1633 a
940 1598 999 1653 quo
1019 1579 1076 1636 siut
1120 1581 1413 1662 gsinsconjecituiceqr
1424 1585 1503 1661 γραῦς
1513 1580 1766 1661 δολέρ,ιισύεγραῦς
1777 1579 1897 1638 adscivi

305 1665 423 1740 singulae
439 1665 618 1742 suspiciones
641 1666 796 1741 proiectae,
819 1684 992 1740 quamquam
1017 1686 1075 1721 non
1120 1683 1148 1727 et
1164 1670 1247 1729 νύσσα
1260 1685 1292 1728 ιιι
1308 1690 1413 1728 ιιοωειι
1428 1671 1466 1728 sit
1478 1672 1599 1728 nutricis
1611 1690 1665 1748 ego
1686 1670 1748 1746 ipse
1767 1671 1895 1726 tentavi.

306 1751 424 1826 ignoro,
451 1773 497 1809 me
508 1753 574 1829 jure
591 1753 787 1810 insimulatum
809 1753 843 1808 iri
858 1753 993 1809 audaciae.
1008 1758 1041 1810 V.
1059 1755 1074 1809 3
1120 1763 1156 1816 0.
1168 1757 1334 1817 Schneider.
1348 1759 1510 1836 suspicatus
1524 1772 1566 1816 est
1578 1759 1597 1815 l.
1613 1759 1631 1815 Ι.
1645 1756 1689 1824 νὺξ
1699 1756 1769 1838 ἄφαρ
1781 1757 1799 1814 ἃ
1813 1757 1895 1814 δολία

305 1839 441 1918 ᾀόνισιιιιι
463 1842 608 1899 Brunckio
631 1855 659 1898 et
676 1841 856 1899 liliihlmnnn.
882 1861 910 1918 p.
935 1843 1073 1900 66.—v.
1119 1869 1143 1902 κ.
1155 1869 1179 1903 τ.
1189 1847 1214 1903 λ.
1225 1846 1323 1904 addite
1336 1846 1390 1903 huc
1403 1844 1736 1928 explicationezn'ilpup
1746 1846 1897 1924 significat

307 1926 323 1982 5
345 1947 411 1984 cnm
425 1928 488 1985 aliis
504 1949 539 1986 ex
555 1930 736 1987 correctione
753 1930 910 2005 Lenuepii‚
931 1931 986 1988 nisi
999 1930 1075 1988 forte
1119 1942 1245 1991 contineo
1260 1950 1291 1991 nt
1305 1934 1387 1992 Iliad.
1402 1937 1454 2012 23,
1470 1936 1543 2007 375,
1556 1948 1584 1992 et
1599 1935 1672 1992 δολία
1685 1931 1730 2002 νύξ
1745 1949 1789 1992 est
1800 1937 1894 1992 etium

305 2035 359 2092 pro
374 2017 445 2081 ζαλῶ
457 2017 539 2076 malis
551 2021 629 2085 ζατῶ.
642 2056 680 2068 -
690 2024 811 2075 Versum
826 2020 978 2094 septimum
992 2019 1073 2076 exhi·
1118 2023 1195 2100 apud
1210 2023 1403 2102 Tryphiodnr.
1419 2042 1475 2098 ορ,
1495 2023 1545 2080 sed
1561 2024 1650 2100 paulo
1665 2023 1706 2080 ibi
1720 2027 1816 2100 aptins
1836 2045 1896 2101 po-

304 2101 356 2160 bui
369 2121 403 2159 ex
417 2105 557 2161 sententia
571 2108 603 2162 0.
616 2104 785 2163 Schneideri
801 2105 828 2160 iu
845 2109 918 2162 N0v·
931 2109 1004 2162 Mus-
1017 2106 1072 2163 Rh·
1119 2114 1205 2170 situm
1219 2132 1305 2188 quam
1318 2124 1417 2168 nostro
1431 2112 1461 2168 in
1473 2111 1548 2182 loco,
1563 2111 1613 2168 ubi
1624 2126 1760 2188 praestare
1773 2111 1895 2168 ridetur

304 2211 329 2248 a.
349 2192 434 2260 1844.
455 2196 507 2250 111.
525 2213 553 2268 ρ.
570 2194 641 2266 630,
663 2194 773 2270 reliqua
793 2193 834 2248 sic
859 2205 889 2248 ut
908 2192 1075 2251 dubitanter
1118 2201 1251 2279 ἁδσλιχά,
1266 2215 1299 2259 ιιι
1315 2200 1421 2275 Odyss.
1440 2200 1487 2274 23,
1504 2201 1593 2267 αλλ.»

304 2280 453 2336 constituit
468 2283 624 2341 Hermann.
647 2313 685 2324 —
703 2285 733 2337 V.
752 2302 783 2338 ιι
800 2278 904 2358 Οἰνώνᾳ
918 2301 954 2337 ex
972 2281 1073 2358 couje-
1150 2305 1431 2355 1nM01nekfiediijon02

303 2367 397 2426 (itura.
412 2411 449 2422 -
468 2371 502 2427 V.
517 2377 551 2435 τύ
566 2367 650 2449 φέρων
668 2366 825 2425 δύστανον
844 2363 927 2444 Ἄρηα
944 2373 1071 2446 Leunep.

303 2454 462 2532 Bentlcjns,
485 2456 572 2513 Graef.
593 2461 749 2515 Hermann.
776 2457 963 2532 participium
988 2455 1072 2534 φέροιο

303 2543 349 2600 vel
370 2547 411 2601 sic
435 2544 636 2620 explicandum
665 2559 722 2618 est,
745 2557 777 2601 ut
800 2546 909 2620 synesis
931 2558 1074 2603 statuatur

304 2633 388 2708 quasi
414 2632 590 2708 praecederet
612 2629 747 2698 ἕκαστος
771 2633 832 2689 sive
854 2641 914 2697 πᾶς
935 2632 1024 2702 νηυσὶν
1046 2635 1072 2690 ἐν

305 2717 478 2799 ὠκυπόροισιν
490 2718 606 2790 έόαινεν,
622 2721 666 2777 vel
678 2721 720 2777 sic
732 2733 765 2777 ut
781 2721 945 2796 praecedens
959 2722 1073 2798 negatio

304 2806 360 2863 huc
390 2827 506 2883 quoque
534 2811 677 2884 pertineat
703 2830 738 2865 ex
765 2827 836 2880 usu,
863 2827 947 2883 quem
976 2811 1073 2884 Poppo

303 2892 424 2953 Observ.
438 2895 500 2950 crit.
515 2895 543 2950 in
557 2895 686 2972 Thucyd.
700 2916 728 2972 p.
744 2899 790 2952 61.
807 2896 923 2952 Goeller.
938 2895 967 2952 in
979 2897 1070 2959 Thur.

304 2987 326 3051 l,
341 3000 383 3036 ια.
397 2981 626 3042 HaascLucubr.
639 3004 667 3059 p.
685 3005 713 3038 ιι
729 3003 771 3060 sq.
792 2985 904 3040 Dissen.
916 2983 946 3038 in
958 2984 1071 3042 Pindar.

305 3073 345 3126 11.
357 3089 385 3144 p.
402 3070 457 3142 379
470 3068 545 3140 ‚tatii
563 3070 753 3127 illustrarunt.
772 3073 919 3129 Posterius
934 3093 1018 3130 suasu
1035 3079 1072 3133 Ο.

304 3155 469 3214 Schneideri
491 3156 622 3232 praefero.
648 3199 686 3210 -
703 3163 735 3216 V.
763 3180 795 3231 17
821 3159 979 3238 παρθενικθιν
1000 3161 1072 3237 κρόκ’

305 3247 407 3321 ἀνεῖχεν
422 3244 587 3302 emendatio
602 3259 646 3304 est
656 3249 824 3305 Hermanni.
836 3282 874 3292 —
893 3249 930 3308 V.
949 3268 986 3304 ao
1000 3272 1072 3330 παρ-

303 3338 405 3398 θενικᾶς
419 3345 448 3391 et
464 3333 602 3415 καλύπτρᾳ
617 3355 682 3392 cum
701 3335 878 3394 Miihlmann.
899 3358 927 3414 p.
951 3339 1015 3396 103.
1032 3370 1071 3382 —

303 3426 335 3478 V.
368 3429 404 3488 ad
428 3421 504 3494 σῶμ’
528 3419 576 3477 ἀνὰ
602 3421 680 3478 καλθν
705 3421 775 3502 ἄειρε
802 3445 838 3482 ex
868 3425 944 3502 conj.
977 3426 1075 3480 Ursini

302 3509 420 3567 Heskin.
441 3511 564 3566 Brunclt.
584 3510 693 3568 Harles.
717 3512 857 3570 Teucher.
879 3515 988 3590 Briggs.
1011 3513 1070 3568 ulii.

301 3602 346 3656 De
364 3595 534 3654 confusione
557 3615 659 3654 vocum
684 3597 770 3674 στόμα
794 3614 823 3658 et
846 3605 925 3677 σῶμα
945 3602 1002 3658 vid.
1025 3605 1070 3657 Fr.

302 3683 416 3743 Jacobs.
433 3685 462 3742 in
475 3684 575 3742 Achill.
592 3689 653 3742 'lat
671 3707 700 3762 p.
717 3690 773 3762 489
785 3709 828 3765 sq.
842 3689 917 3747 ibid.
936 3689 1070 3746 δάκτυλ’

1636 2309 1662 2352 ln
1675 2303 1856 2353 beneditione:
1904 2309 1906 2311 ’

1472 2388 1526 2442 III.

1197 2483 1224 2538 3.
1245 2479 1314 2537 ἅσσα
1336 2519 1709 2540 .............
1724 2475 1791 2535 ὅσσα
1805 2481 1846 2558 (3)

1196 2570 1224 2628 6.
1247 2568 1351 2648 ἀεργείῃ
1375 2615 1381 2627 .
1404 2609 1432 2648 ,ι
1434 2609 1715 2627 ..........
1738 2565 1847 2648 ἄεργεέορ

1474 2669 1524 2723 lv.

1198 2774 1225 2828 4.
1245 2759 1462 2842 χαίρων-αὐτῷ
1483 2803 1491 2817 .
1514 2802 1521 2817 .
1543 2804 1550 2817 .
1573 2805 1580 2819 .
1603 2757 1831 2840 [χαίρων-αὐτῷ
1844 2764 1886 2839 (a)

1180 2859 1224 2918 ιή.
1245 2850 1422 2925 εἰσάντα-μιν
1444 2894 1451 2907 .
1474 2893 1481 2910 .
1505 2891 1512 2905 .
1536 2893 1542 2906 .
1564 2849 1600 2914 εἰς
1614 2846 1741 2906 dan-rur
1756 2868 1792 2906 ex
1806 2852 1886 2927 conj.

1485 2949 1518 3004 V.

1197 3049 1224 3104 6.
1245 3043 1355 3125 Ἔρωτα
1370 3045 1492 3102 δίδασκον
1514 3088 1520 3100 .
1544 3087 1551 3102 .
1574 3089 1580 3101 .
1605 3089 1611 3102 .
1633 3041 1731 3124 Ἔρωτ’
1747 3043 1886 3102 ἐδίδασκον

1196 3159 1224 3214 9.
1247 3160 1292 3213 μιν
1314 3177 1680 3197 .............
1702 3159 1740 3192 νιν
1755 3155 1790 3191 ex
1808 3137 1885 3212 cotij.

1469 3237 1531 3292 VII.

1200 3356 1223 3389 1.
1245 3338 1382 3390 πονεεσθαι
1384 3376 1661 3400 ..........
1683 3331 1831 3390 πονέεσθαι.
1841 3334 1886 3413 (5)

1197 3444 1225 3480 a.
1249 3427 1332 3499 μοῦνα
1356 3464 1696 3482 ............
1721 3425 1797 3498 μῶνα

1198 3516 1224 3571 3.
1246 3510 1424 3570 τὰ-Μοῖσα
1447 3553 1454 3568 .
1478 3554 1485 3569 .
1507 3555 1514 3568 ,
1537 3533 1544 3568 ’.
1566 3556 1573 3570 .
1596 3557 1603 3570 .
1624 3509 1859 3590 τὸ-Μοῐρα(6)

1198 3610 1223 3669 l.
1248 3603 1349 3676 μοχθῆν
1366 3641 1703 3660 ............
1728 3603 1835 3676 μοχθεῖν

1196 3710 1223 3761 9.
1245 3690 1322 3758 ἐλθῆν
1346 3730 1559 3750 ........
1559 3763 1561 3768 .
1582 3730 1711 3746 .....
1736 3691 1748 3745 έ
1749 3689 1817 3744 λθεῐν

301 3869 370 3915 γοντι
382 3851 443 3900 πολὺ
456 3850 528 3900 πλέον
542 3847 559 3910 ἢ
572 3851 600 3900 τὺ
615 3853 704 3910 Διώνα,
719 3851 761 3902 ubi
774 3865 798 3902 et
811 3858 931 3904 Venerem
941 3865 962 3903 et
975 3856 1068 3904 Adoni·
1114 3855 1247 3905 necessario
1268 3856 1383 3905 mutanda
1402 3855 1441 3905 sit.
1456 3856 1495 3909 Cl.
1515 3856 1577 3906 inira
1590 3861 1623 3906 V.
1651 3858 1689 3905 13.
1708 3856 1810 3906 Tlteoer.
1828 3861 1885 3906 XV.

303 3927 358 3976 dem
373 3935 397 3974 et
409 3927 564 3991 Hymenaeum
578 3934 602 3973 et
612 3935 684 3975 semet
698 3928 758 3993 ipsas
768 3927 903 3995 deplorent.
913 3934 987 3979 Porro
999 3931 1069 3980 verln
1117 3933 1234 3980 ιι5-ιι8.
1254 3935 1349 3980 xxw.
1367 3942 1485 3989 rio-114.
1496 3959 1530 3968 —
1541 3936 1572 3980 V.
1587 3942 1602 3990 t
1619 3932 1688 3997 λιμὸς
1702 3932 1805 3996 ἐλαφρά
1826 3930 1886 3995 fugit

303 4003 345 4051 τὸν
357 4001 412 4050 υἱέα
429 4000 470 4051 τὸν
490 4001 599 4066 Κινύραο
614 4002 725 4065 languida
743 4013 810 4064 sunt,
823 4003 843 4053 si
857 4004 934 4070 ipsum
952 4005 1069 4055 Adonidis
1113 4007 1248 4056 Alirentem
1269 4010 1304 4054 De
1319 4006 1375 4057 dial.
1396 4011 1453 4056 Dor.
1469 4024 1493 4072 p.
1510 4008 1567 4056 386.
1585 4035 1617 4043 -
1631 4009 1663 4056 V.
1688 4016 1725 4063 rt..
1749 4005 1837 4056 Nescio
1855 4024 1886 4054 an

303 4094 392 4128 nomen
405 4077 524 4142 praecedit.

335 4154 372 4218 (ι)
390 4157 425 4201 Ita
439 4152 494 4202 cod.
512 4169 550 4202 ιο.
567 4179 598 4188 -
613 4154 644 4199 V.
659 4153 690 4215 95
704 4151 785 4217 scripsi
795 4161 825 4200 nt
843 4153 917 4202 voluit
937 4159 1069 4222 Wyugaar-

302 4228 356 4276 den.
370 4263 376 4286 ‚
391 4241 445 4274 cum
459 4225 572 4275 Jucobsio
585 4235 609 4274 ct
622 4227 781 4285 Boissonado,
796 4243 865 4291 qnem
880 4245 908 4276 ex
931 4239 997 4294 parte
1013 4231 1037 4281 u.
1053 4233 1068 4280 l.

304 4299 395 4368 praeivit
409 4299 516 4348 Gratius.
527 4300 639 4348 Eamdem
663 4300 803 4350 sententiam
813 4304 860 4365 iam
875 4305 1020 4368 propositam
1034 4307 1070 4354 in-

306 4375 359 4423 ueni
375 4374 399 4422 in
416 4390 485 4439 parm
499 4373 613 4437 editione,
627 4378 695 4440 cuius
709 4375 791 4424 titulus
807 4386 842 4426 est
855 4395 861 4424 :
875 4379 959 4440 Septen
977 4395 1014 4428 nus
1027 4384 1070 4429 θιαι

1115 4097 1158 4146 pro
1172 4073 1243 4131 οὖλον
1259 4081 1412 4130 scribendum
1426 4081 1456 4129 sit
1470 4082 1499 4132 οὐ
1512 4083 1556 4131 λῶ.

1148 4158 1184 4221 (4)
1201 4157 1258 4204 Non
1271 4165 1318 4204 tam
1332 4156 1363 4204 ob
1376 4155 1468 4204 hiatum
1482 4156 1507 4205 in
1521 4166 1606 4222 quarto
1619 4156 1680 4223 pede
1700 4165 1806 4206 extremo
1826 4156 1887 4205 tole·

1116 4231 1215 4280 rabilem
1229 4229 1307 4294 (inira
1322 4229 1385 4296 apud
1398 4231 1492 4280 Moseh.
1507 4236 1540 4290 11,
1558 4249 1603 4279 ino
1622 4248 1651 4280 ex
1664 4231 1719 4282 cod.
1738 4233 1770 4281 N.
1784 4231 1830 4281 ἅλα
1848 4249 1886 4280 re·

1115 4305 1187 4371 cepi),
1204 4321 1275 4369 quem
1289 4305 1355 4352 nullo
1367 4305 1421 4368 jure
1434 4305 1609 4356 Wakefieldius
1621 4308 1759 4370 conjectura
1772 4305 1803 4356 ab
1817 4305 1886 4372 Brig-

1115 4380 1165 4444 gsio
1179 4388 1272 4444 recepta
1286 4379 1396 4442 φαίνεται
1409 4380 1520 4439 removit,
1534 4381 1573 4429 sed
1590 4381 1621 4430 ob
1641 4397 1741 4429 caesuras
1758 4389 1884 4446 tantopere

302 4448 428 4507 (lirirdtlt'dttn
440 4451 539 4497 θιιθλίσιι
553 4449 703 4511 νοθθλθνήύριιε,
717 4452 795 4508 Berlin,
818 4455 889 4512 1767.
914 4470 936 4517 p.
956 4456 996 4514 68,
1010 4471 1069 4520 prte-

303 4533 410 4587 terqunrn
424 4522 489 4587 quod
504 4540 546 4589 pro
560 4525 584 4572 αἱ
600 4525 642 4588 μὲν
659 4524 802 4591 proponitur
815 4527 897 4576 καλόν.

1115 4456 1227 4502 molestus
1240 4462 1274 4501 est
1288 4453 1328 4502 hic
1343 4470 1430 4511 versus,
1445 4464 1470 4502 ut
1483 4470 1531 4503 non
1550 4455 1657 4504 dubitem
1671 4455 1729 4516 utun
1743 4472 1756 4504 a
1770 4471 1885 4519 gramma—

1115 4527 1162 4576 tico
1176 4525 1281 4592 quodam
1292 4527 1317 4575 in
1328 4528 1435 4592 margine
1446 4529 1553 4594 appictus
1563 4538 1586 4578 et
1594 4529 1651 4578 inde
1661 4530 1685 4578 iu
1697 4531 1767 4578 rerba
1777 4529 1885 4580 intrusus

333 4599 369 4662 (a)
387 4597 426 4646 Sic
444 4613 480 4647 ιο.
502 4597 646 4650 Wakefield.
661 4599 752 4665 Briggs.
762 4629 794 4636 -
805 4605 835 4652 V.
850 4605 883 4666 96
905 4604 934 4653 ού
956 4605 1002 4668 μὰν
1024 4604 1070 4653 οὐκ
1115 4599 1153 4648 sit.
1169 4604 1229 4648 Enni
1243 4599 1317 4663 igitur
1330 4601 1398 4650 nncis
1411 4603 1533 4651 includere
1547 4619 1616 4652 ausus
1628 4619 1689 4654 snm.
1706 4604 1821 4670 Berglius
1834 4621 1884 4654 ure-

302 4673 376 4723 ἐθέλει
387 4673 435 4738 iant
456 4673 576 4722 verissime
594 4674 703 4740 exposuit
724 4675 853 4726 Schnlcrns
872 4677 898 4727 in
919 4676 1070 4728 adnotatione
1115 4692 1168 4723 cnm
1182 4673 1319 4725 humaniter
1332 4676 1518 4726 communicarit
1535 4679 1597 4743 conj.
1617 4677 1668 4743 μέγ’
1688 4680 1800 4744 ἐφαίνετο
1821 4681 1884 4744 τῶρ-

302 4748 403 4797 editioni
417 4747 540 4798 Mansnnis
553 4747 646 4812 adiecta
660 4767 684 4816 p.
699 4752 747 4798 ada
761 4767 798 4815 sq.
814 4761 837 4800 et
855 4752 1026 4818 Wyttenbach.
1044 4753 1069 4801 in
1114 4763 1179 4799 νεσν.

302 4824 359 4871 Plat.
374 4821 487 4873 thenon.
503 4838 528 4887 p.
543 4823 590 4872 265
604 4823 643 4875 ed.
658 4823 723 4890 lips.
738 4825 785 4874 οὐκ
806 4826 879 4875 ἐθέλω
898 4843 980 4873 recuso
998 4827 1068 4875 etiem
1148 4827 1182 4890 (5)
1200 4829 1303 4875 Grarem
1316 4826 1534 4892 interpunctionem
1549 4828 1647 4892 flagitat,
1662 4839 1688 4878 ut
1705 4828 1765 4878 milri
1778 4830 1881 4892 ridetur,

303 4897 387 4962 legitur
407 4897 469 4962 apud
491 4897 601 4964 Thncyd.
624 4903 668 4949 111.
691 4902 731 4948 55.
751 4904 786 4948 Dc
804 4902 883 4949 colore
903 4900 1016 4948 orationis
1036 4901 1068 4953 cl.
1113 4901 1284 4950 sententiarum
1296 4902 1447 4953 coherentia.
1460 4907 1570 4953 Ceterum
1579 4920 1623 4970 pro
1631 4905 1678 4953 οὐκ
1691 4898 1736 4954 nlt'
1747 4907 1827 4955 malim
1836 4910 1881 4958 ούκ

303 4971 401 5037 Sappho
415 4981 446 5035 94
467 4969 493 5020 in
508 4976 574 5022 Poet.
589 4977 644 5039 Lyr.
658 4973 697 5025 ed.
712 4975 797 5037 Bergk.
813 4993 835 5040 p.
850 4979 896 5022 fiai
916 4989 923 5024 :
941 4976 1069 5026 λελάθοντο
1113 4975 1171 5026 ἔστ’.
1184 4994 1212 5024 ea
1226 4981 1298 5028 Hom.
1316 4979 1382 5028 iliad.
1394 4979 1422 5041 ξ’,
1439 4997 1496 5030 ara.
1512 4980 1597 5046 Odyss.
1608 4980 1635 5039 θ’,
1650 4983 1705 5030 358.
1715 4983 1787 5046 -μὴ
1802 4983 1879 5047 μάθω-

303 5046 329 5095 θὲ
345 5047 519 5111 μολοδρόπηες,
531 5048 564 5096 οὺ
579 5049 633 5110 μὰν
646 5048 846 5106 ἑκλελάθοντ’,
860 5049 919 5100 ἀλλ’
936 5051 992 5098 οὐκ
1010 5051 1069 5100 ἐδύ-
1114 5067 1157 5114 μεν
1174 5052 1279 5104 Vindob.

303 5119 384 5169 ναντ’
402 5121 575 5182 ἐφικέσθαι.
1147 5129 1182 5192 (6)
1201 5129 1228 5175 τὸ
1248 5145 1277 5176 ex
1299 5130 1455 5193 conjectura3
1482 5134 1564 5196 Μοῖρα
1586 5149 1668 5180 onmes
1693 5131 1748 5181 lilni
1771 5143 1877 5188 tuentur.

335 5197 370 5258 (3)
389 5197 442 5246 Nou
454 5195 524 5244 rideo
537 5196 646 5245 idoneum
661 5213 765 5246 eattsmrn
779 5216 822 5248 cur
831 5201 945 5252 lilirorum
955 5204 1067 5270 scriptura
1113 5203 1200 5252 Μοῖσα
1209 5202 1300 5267 primus
1308 5207 1430 5268 proposuit
1441 5213 1630 5272 Longupetraeus.
1640 5207 1694 5257 Vid.
1705 5208 1839 5258 Scliwebel.
1854 5228 1877 5278 p.
