3992 6078
304 417 354 461 r··.·
710 399 913 460 sauclatur
933 397 1224 457 ΔΑΜΟΚΡΑΤΟΥΣ
1245 397 1297 458 Ta
1318 396 1505 456 delusus.

312 553 339 593 tc
352 533 411 612 ’Ep'
423 527 459 593 ῶν
472 535 494 592 δ’
505 537 613 598 έπινοεῖς
624 531 667 590 τθν
682 531 786 614 σκιῤῥὸν
798 529 943 610 σπλάγχνῳ
955 528 1003 586 τινί

354 620 507 700 Ἐσύμενον,
519 623 601 688 ἀδεῶς
610 619 726 701 κέχρητο
736 623 774 701 τῷ
789 618 947 698 μαλάγματι

519 771 604 817 ΑΡΧΗ
624 771 686 816 ΤΗΣ
705 769 747 814 dl·
765 768 861 814 ΑΔΩΝ.

351 902 397 964 Ἂν
409 905 432 962 δ’
444 903 554 982 έπιμένῃ
570 901 667 960 τούτων
681 925 731 960 τινι
743 899 847 959 πλείοσι
859 898 975 980 χρόνοις,

352 991 468 1060 Σκευάζε
479 989 524 1050 καί
535 993 605 1050 τοῦθ’
619 983 656 1055 ὡς
665 991 805 1048 κάλλιστον
816 986 964 1068 φάρμακον.

298 1113 367 1175 (Sec.
377 1126 440 1174 gen:
453 1114 509 1173 vll,
519 1115 547 1162 P.
558 1114 580 1162 ll
593 1124 618 1175 p.
631 1113 712 1161 ittet
725 1113 798 1170 tta.)

563 1261 814 1322 ΧΑΛΑΣΤΙΚΑΙ.

301 1409 320 1455 ιι
334 1409 386 1456 ιιι
396 1408 506 1456 xraou
520 1407 753 1456 ιιιιοιινινοιε
765 1407 831 1456 auo
845 1371 1084 1454 naneaeauora.

353 1530 476 1598 Εἰπόντες
490 1521 534 1589 ode
549 1529 706 1610 ἔμπροσθεν,
720 1534 776 1596 πῶς
789 1529 823 1587 τύ
837 1527 978 1610 τραύματα

355 1619 425 1698 Δίχα
438 1617 586 1700 φλεγμονῆς
597 1617 707 1695 μένοντα
720 1616 925 1690 κολληθήσεται,

339 1707 418 1778 Ἑξῆς
432 1709 552 1786 ἐροῦμεν,
567 1710 622 1772 πῶς
634 1705 668 1766 τά
681 1705 863 1787 φλεγμαίνοντ’
879 1706 944 1783 ἄγαν

351 1797 468 1854 Δυνατὸν
479 1794 629 1876 θεραπεύειν
640 1794 787 1877 φαρμάκοις
799 1793 874 1853 έσται
888 1796 984 1861 καλῶς.

311 1908 324 1944 ε
351 1885 439 1946 Ὅταν
454 1884 519 1963 μυὸς
530 1884 690 1966 τρωθέντος,
704 1881 721 1955 ἢ
732 1880 828 1963 νεύρων
838 1886 955 1954 πυκνῶν,

351 1974 389 2034 Ἢ
402 1973 447 2032 καί
458 1972 577 2052 νυγέντος
591 1971 682 2046 ὑμένος
700 1971 775 2050 ἐγγὺς
790 1971 897 2050 ὀστέου,

357 2061 434 2122 Μετὰ
449 2060 496 2132 τὴν
507 2059 634 2142 τετάρτην
649 2057 752 2140 ἡμέραν
766 2059 861 2118 πυκνολ
876 2060 951 2118 πόνοι

355 2149 409 2210 Καὶ
421 2147 583 2230 φλεγμοναὶ,
597 2148 704 2229 πυρετοί
717 2171 746 2206 τε
759 2146 826 2225 μετὰ
841 2145 1046 2224 συμπτωμάτων

355 2239 478 2310 Πολλῶν,
493 2237 648 2318 ἀγρυπνίας,
662 2241 835 2316 παρακοπῆς,
850 2235 938 2316 δίψους
954 2236 1083 2314 σφοδροῦ,

315 2348 337 2385 ιο
353 2316 430 2406 Κᾷτα
443 2325 522 2403 ξηρᾶς
533 2324 652 2403 γλώττης
664 2324 771 2404 γένηται
784 2327 935 2405 πρόσθεσις,

356 2416 420 2474 Καθ’
437 2415 537 2495 ἡμέραν
551 2413 664 2495 ῥέποντα
680 2413 746 2495 πρὸς
758 2411 793 2471 τά
804 2412 925 2492 χείρονα,

347 2502 425 2584 Ἰχὼρ
439 2503 585 2583 τρυγόιδης,
597 2502 707 2576 λεπτὸς,
723 2500 818 2582 ἐρυθρά
830 2499 986 2580 τραύματα,

352 2591 395 2650 Τά
407 2595 430 2650 τ’
444 2589 520 2670 ἐγγύς
531 2593 616 2649 αὐτῶν
630 2589 707 2648 πάντ’
721 2589 816 2669 ἔχοντα
831 2588 943 2668 σώματα

352 2676 464 2757 Ὀργύς,
477 2677 624 2756 διατάσεις,
641 2677 803 2760 φλεγμονὰς,
815 2676 964 2753 οἰδήματα,

315 2785 338 2826 ιο
351 2767 418 2826 Τότε
432 2765 469 2844 μὴ
482 2765 655 2825 κατάπλασσε
669 2764 797 2831 ποικίλοις
808 2766 1044 2842 καταπλάσμασιν·

351 2852 430 2920 Ἐθος
441 2854 492 2935 γάρ
505 2856 561 2913 ἔστι
574 2858 651 2912 τοῦτο
663 2853 745 2911 ποιεῖν
762 2860 815 2921 τοῖς
828 2853 906 2925 νέοις,

350 2942 400 3003 'lu'
411 2943 563 3025 ἐκφυγόντες
576 2941 624 3009 τδις
636 2941 724 3018 οἰιιμδις
737 2945 788 3000 τῶν
800 2943 953 3022 φλεγμονῶν

351 3031 414 3097 Τοῖς
427 3029 600 3111 συκοφάνταις
613 3027 650 3102 μὴ
665 3027 818 3109 παρέχωσιν
835 3028 937 3087 αἰτίαν·

351 3122 399 3178 Δεῖ
409 3117 436 3177 δὲ
448 3118 491 3176 τὸν
503 3118 597 3197 ἔχοντα
611 3122 657 3189 τῆς
668 3119 734 3184 ίδίας
745 3117 834 3176 πίστιν
847 3117 939 3196 τριύῆς

311 3227 338 3265 20
354 3207 408 3266 Καὶ
420 3205 639 3283 συγκαταύαίνειν
653 3209 707 3271 τοῖς
719 3207 822 3263 νοσοῦσ’
834 3207 870 3272 εἷς
883 3203 942 3270 τούς
957 3203 1065 3285 φύύους,

354 3293 402 3366 Μὴ
415 3294 587 3373 περιμένοντα
598 3293 645 3364 τὴν
656 3292 738 3373 τυχὴν
753 3293 798 3352 καί
810 3293 858 3357 τὴν
869 3292 957 3374 φύσιν.

352 3385 470 3452 Σκευάζε
483 3381 569 3441 τοίνυν
580 3382 644 3463 πρὸς
656 3381 673 3440 ά
687 3381 842 3463 προείρηται
854 3381 925 3454 πάθη

353 3470 405 3530 llal
417 3471 469 3536 τοῖς
482 3471 650 3550 ποδαγρικοῖς
661 3469 775 3549 ἁρμόζον
786 3469 815 3527 τδ
830 3469 979 3551 φάρμακον,

353 3557 401 3617 Ἐν
413 3558 589 3638 καντίκαιρῷ
603 3565 656 3624 τοῖς
666 3555 769 3616 νοσοῦσ’
782 3557 954 3635 ἐπικείμενον·

311 3666 337 3708 io
351 3649 414 3712 Τοῖς
428 3644 479 3726 γὰρ
493 3644 681 3723 διαλείμμασιν
695 3644 743 3722 μὲν
754 3643 905 3717 εύκινησίαν

351 3733 473 3815 Παρέχον
486 3737 593 3810 ἑτοίμην
605 3733 650 3792 καί
664 3733 693 3791 τὸ
706 3733 743 3812 μὴ
756 3732 853 3814 πέτροις
865 3734 933 3816 ταχύ

349 3826 465 3888 Πυκναῖς
477 3821 500 3880 τ’
515 3822 648 3888 ἐπιύολαῖς
661 3822 880 3901 παρενοχλεῖσθαι
896 3823 1005 3904 ῥαδίως,

351 3911 399 3972 Ἐν
413 3915 471 3978 ταῖς
485 3911 641 3990 παρακμαῖς
656 3909 678 3967 δ’
690 3911 737 3968 οὐκ
749 3913 798 3967 ἐῶν
812 3909 909 3987 μεγέθη
925 3911 1025 3985 λαθεῖν,

351 4001 399 4061 Ἐν
414 4000 471 4066 ταῖς
484 4001 582 4076 ἀκμαῖς
596 3996 680 4064 δὲτὰς
694 3998 839 4077 παρακμδς
849 4006 938 4058 ποιοῦν
952 4001 1034 4081 ταχὺ,

311 4111 337 4149 ³⁰
350 4086 396 4146 Ἂν
410 4085 608 4167 μὴ’μεταύαίνῃ
625 4085 719 4168 ῥᾳδίως
728 4110 765 4153 τις
780 4089 820 4167 ἐφ’
835 4085 922 4166 ἕτερα,

351 4173 391 4237 Τὸ
402 4175 430 4234 δέ
442 4176 581 4257 φάρμακον
594 4175 704 4244 σκευάζε
716 4180 807 4233 τοῦτον
821 4175 866 4234 τὸν
881 4178 991 4257 τρόπον·

350 4263 516 4345 Λιθαργύρου
528 4264 576 4342 μέν
589 4265 726 4336 λειοτάτης
736 4263 885 4344 χρυσίτιδος

350 4353 446 4434 Αίτρας
458 4353 511 4411 δύω
524 4351 612 4433 βαλὼν
626 4350 755 4433 τέσσαρας
770 4351 905 4432 ἀξουγγίου

349 4441 430 4519 Ἀγαν
444 4444 575 4512 παλαιοῦ,
592 4439 655 4517 μίαν
670 4440 755 4498 δὲκαὶ
769 4449 831 4517 μιᾶς
845 4441 935 4521 λίτρας

310 4551 335 4590 aa
349 4529 443 4607 Τρίτον
454 4529 502 4608 [γ’]
518 4528 605 4588 ἐλαίου
618 4528 771 4608 παχυτάτου
787 4528 833 4588 καί
845 4531 983 4596 πολυετοῦς

352 4617 405 4678 Καὶ
420 4617 457 4694 μὴ
473 4616 615 4690 δυσώδους,
627 4618 665 4694 μὴ
678 4617 804 4695 μελανος,
818 4617 855 4694 μὴ
869 4617 990 4697 τραχέος·

350 4703 429 4764 Ούτω
439 4703 490 4786 γδρ
502 4704 575 4765 ἔσται
588 4707 725 4785 δραστικὸν
737 4706 766 4764 τὸ
777 4706 812 4787 φά
831 4730 923 4782 μακον.

351 4784 439 4855 Τήξας
454 4783 476 4842 δ’
487 4787 617 4860 έπιμελῶς
631 4789 658 4844 ἐν
672 4785 768 4844 λοπάδι
779 4729 940 4865 τὰίούγγιον,

350 4869 462 4953 Ἔπαιρ’
475 4875 522 4931 ἀπ’
538 4876 617 4933 αὐτοῦ
630 4873 688 4941 τοὺς
701 4875 796 4952 ὑμένας
811 4875 856 4933 καί
870 4875 929 4941 τοὺς
944 4873 1022 4950 ἅλας,

311 4983 338 5021 to
352 4960 446 5042 Ἠθμῷ
459 4961 553 5031 διηθῶν
568 4965 602 5027 είς
615 4961 705 5043 ἑτέραν
721 4963 802 5039 μείζω
814 4961 926 5044 χύτραν·

352 5050 406 5110 Καί
420 5048 578 5130 προοόαλθιν
593 5051 680 5109 ἔλαιον
692 5051 817 5120 άνάζεσον
830 5052 922 5128 πάλιν,

351 5139 463 5210 Μιλτᾶν
476 5139 499 5196 δ’
515 5137 610 5214 ἔλαιον,
627 5139 695 5197 ἀλλὰ
709 5139 743 5198 τδι
757 5140 796 5198 δύ’
812 5143 890 5198 αὐτοῦ
905 5141 982 5221 μέρη·

351 5227 392 5289 Τθ
405 5227 490 5310 τρίτον
505 5226 528 5286 δ’
538 5225 680 5303 ὑπολιπὼν,
692 5227 732 5308 ἔχ’
745 5232 772 5288 έν
785 5227 882 5308 ἑτοίμῳ
894 5228 1025 5306 κείμενον,

1131 534 1178 584 llbi
1192 535 1320 598 suspicaris
1328 535 1447 584 soirrhum
1460 534 1575 596 cuiquam
1587 533 1673 583 visceri

1132 626 1267 686 Futurum,
1277 623 1411 686 intrepidus
1424 623 1500 673 utitor
1509 624 1662 684 malagmate.

1240 773 1371 815 mimula
1390 771 1612 814 ususcaallsrtal
1632 773 1650 814 B
1671 773 1799 813 sttlulls.

1131 907 1156 958 si
1170 909 1194 958 iu
1209 908 1297 959 borum
1306 909 1389 972 aliquo
1401 912 1498 958 maneat
1507 909 1593 958 diebus
1606 910 1735 971 plusculis,

1132 999 1162 1045 lit
1174 996 1220 1044 hoc
1232 999 1317 1059 parato
1329 996 1533 1046 medicamentum
1542 1010 1616 1059 quam
1630 999 1756 1060 optimum.

1392 1260 1652 1321 assalturis.

1173 1406 1335 1446 oenomaus
1346 1389 1558 1446 uabroauaaruu
1571 1407 1587 1445 a
1598 1405 1684 1444 succis
1696 1407 1711 1442 e
1722 1403 1847 1444 sraaauaua

1132 1515 1227 1565 Praeiati
1239 1515 1309 1577 igitur
1323 1528 1372 1578 quo
1381 1515 1479 1565 mndem
1491 1517 1562 1578 pacto
1574 1516 1676 1564 vulnera

1132 1608 1150 1653 Α
1161 1604 1303 1666 phlegmone
1313 1619 1397 1654 secana
1407 1606 1473 1654 recte
1487 1604 1604 1666 glutines,

1133 1693 1235 1742 Posthac
1246 1692 1369 1754 dicemus,
1380 1693 1505 1756 quomodo
1515 1706 1573 1743 cum
1583 1692 1726 1756 phlegmone

1132 1781 1205 1831 Gravl
1216 1783 1374 1844 occupentur.
1387 1785 1505 1831 curentur
1514 1781 1685 1831 medicamina.

1132 1874 1213 1928 Quum
1228 1870 1339 1918 musculo
1353 1869 1411 1919 laeso
1423 1869 1506 1920 nervis
1515 1870 1568 1920 sire
1577 1869 1673 1931 solidis,

1133 1956 1177 2007 vel
1187 1959 1211 2006 et
1221 1957 1355 2019 propinqua
1366 1957 1465 2019 quaudo
1474 1946 1523 2008 oss'i
1537 1958 1704 2008 membranula

1132 2047 1226 2095 Puncta
1234 2045 1285 2095 dies
1294 2048 1348 2108 post
1359 2048 1475 2108 quattuor
1489 2047 1601 2110 frequens
1613 2047 1692 2108 dolor,

1133 2137 1164 2184 ut
1173 2135 1317 2198 phlegmone
1332 2135 1459 2198 febresque
1468 2148 1525 2184 curu
1535 2136 1704 2198 symphonizatis

1132 2224 1213 2273 Multis
1223 2224 1258 2273 uti
1270 2223 1363 2285 vigilia,
1374 2223 1486 2274 delirium
1496 2225 1594 2286 staltis,

1132 2317 1167 2363 lto
1176 2313 1257 2374 lingua
1266 2313 1329 2361 sicca
1338 2311 1392 2360 dein
1398 2347 1406 2372 ,
1418 2315 1530 2362 crescunt
1539 2314 1613 2376 atque
1624 2313 1705 2362 omnia

1132 2399 1245 2458 Quotidie
1258 2403 1282 2450 et
1291 2413 1347 2449 cum
1359 2400 1435 2462 tnagis
1445 2401 1510 2450 mala
1519 2401 1544 2449 iu
1555 2402 1720 2463 patarinum,

1133 2492 1164 2538 sl
1176 2490 1304 2539 ioeculeuta
1313 2489 1405 2549 sanias,
1416 2490 1511 2550 lenuis,
1522 2491 1623 2539 vulnera
1634 2492 1660 2540 et

1132 2577 1213 2627 Rubra
1222 2579 1296 2639 alapae
1305 2579 1385 2640 partes
1394 2577 1432 2627 his
1441 2578 1528 2626 vicinae
1537 2591 1622 2628 omnes
1631 2577 1720 2627 habeat

1132 2665 1307 2726 Distensiones‚
1317 2666 1483 2728 phlegmonas,
1496 2666 1629 2728 (edomata,

1132 2757 1264 2818 Turgores,
1276 2755 1350 2804 variis
1361 2758 1415 2805 tum
1424 2755 1518 2804 abatiae
1527 2756 1707 2818 cataplasmatis
1718 2770 1725 2804 :

1132 2843 1203 2900 Quod
1213 2857 1266 2892 mos
1272 2842 1404 2905 juvenibus
1412 2845 1449 2893 est
1459 2844 1552 2903 iacere,
1568 2857 1618 2906 quo
1630 2844 1796 2907 pldagmoaum

1131 2935 1214 2983 slatus
1222 2931 1363 2994 ellugientas
1377 2946 1425 2981 non
1435 2931 1494 2981 deut
1505 2931 1637 2983 calumniis

1132 3021 1298 3071 occasionem.
1309 3023 1340 3071 at
1353 3023 1399 3070 arti
1411 3021 1453 3083 qui
1462 3021 1516 3070 tidit
1526 3035 1578 3071 suae

1132 3113 1203 3159 lluno
1211 3109 1325 3158 devenire
1337 3123 1394 3158 curn
1405 3109 1577 3172 languentibus
1590 3110 1614 3158 ia
1624 3113 1705 3161 anetus

1131 3199 1246 3261 Oportet,
1256 3197 1322 3246 haud
1330 3199 1511 3260 exspectantem
1524 3199 1583 3246 dum
1596 3199 1682 3249 vicerit

1131 3289 1222 3338 Natura
1232 3285 1271 3336 rel
1284 3287 1380 3336 fortuna
1390 3286 1610 3349 quaedamjureril.

1132 3379 1195 3438 Ergo
1209 3389 1279 3438 pares
1290 3375 1379 3438 quihus
1391 3375 1502 3425 consului
1513 3376 1643 3425 attactibus

1132 3464 1201 3522 Quod
1211 3467 1235 3514 ct
1250 3463 1381 3527 podagricis
1393 3464 1598 3514 medicamentum
1609 3465 1721 3514 corruenti

1131 3553 1208 3615 ,ἡμῖν
1219 3553 1244 3601 in
1253 3553 1320 3602 omni
1329 3557 1440 3615 tempore
1448 3553 1588 3616 impositum
1599 3566 1711 3614 manens;

1132 3644 1272 3704 Promptum
1284 3641 1415 3703 agilitatem
1425 3653 1482 3690 nam
1492 3641 1708 3692 intermissionibus

1131 3730 1157 3779 ld
1169 3729 1243 3792 gignit
1252 3730 1362 3793 corpori,
1374 3729 1423 3779 cito
1434 3743 1478 3779 uec
1490 3731 1627 3792 permiserit

1131 3819 1234 3881 Tophis‚
1249 3832 1294 3868 nac
1304 3819 1374 3868 tacite
1388 3819 1478 3868 crebris
1489 3820 1543 3881 angi
1553 3819 1695 3881 insultibus,

1131 3908 1243 3957 Morbum
1256 3908 1372 3970 principio
1385 3908 1546 3970 prohibetque
1557 3909 1702 3969 increscere,

1132 3996 1181 4046 Nisi
1189 3995 1220 4045 ad
1229 3994 1275 4046 alia
1285 3996 1416 4045 descendas
1426 3996 1495 4044 laoila
1504 3997 1671 4045 medicamina.

1133 4088 1202 4134 llunc
1213 4085 1337 4147 pharmaci
1351 4085 1376 4132 in
1389 4084 1489 4133 modum
1503 4085 1545 4134 dat
1554 4085 1675 4134 conlectio
1688 4105 1693 4134 :

1133 4173 1265 4235 Litllargyri
1278 4173 1399 4222 levissimi
1409 4173 1547 4236 chrysitidis

1132 4262 1215 4311 Libras
1223 4261 1283 4310 duas
1292 4261 1409 4323 miscens,
1422 4263 1528 4324 quatuor
1539 4263 1650 4323 analogia

1131 4351 1208 4400 Valde
1216 4353 1332 4411 vetuste,
1347 4351 1433 4400 libram
1446 4363 1506 4401 vero
1516 4364 1589 4400 unam
1601 4355 1626 4400 et
1638 4351 1705 4401 libras

1131 4439 1237 4490 Tertiam
1252 4441 1345 4501 partem
1354 4439 1400 4488 olei
1412 4439 1496 4489 annosi
1514 4443 1588 4502 atque
1597 4439 1751 4500 crassissimi.

1131 4531 1162 4578 ut
1171 4542 1218 4578 uon
1230 4529 1348 4588 laetantis,
1359 4541 1407 4578 uon
1420 4529 1494 4592 nigri,
1505 4543 1553 4578 uon
1563 4529 1655 4591 asperi}

1131 4618 1170 4666 Sic
1179 4631 1284 4680 namque
1293 4619 1373 4667 sumet
1382 4618 1542 4680 pharmacum
1554 4618 1697 4668 elllcaciam.

1130 4706 1238 4770 Liquataa
1247 4706 1373 4768 diligenter
1382 4709 1464 4768 patina
1473 4707 1585 4770 axungiae

1130 4795 1309 4845 llemhranulas
1317 4796 1440 4857 salemque
1449 4809 1506 4844 mox
1518 4797 1655 4857 sustollite,

1131 4888 1157 4933 ln
1169 4897 1212 4933 vas
1221 4884 1284 4933 aliud
1296 4885 1371 4946 ipsun
1386 4886 1511 4948 percolens
1520 4886 1638 4946 amplius;

1130 4973 1276 5036 adjectoque
1285 4975 1339 5022 oleo
1351 4987 1435 5022 rursus
1445 4988 1504 5022 cura
1513 4974 1621 5034 terreat,

1129 5065 1181 5112 Non
1191 5075 1263 5111 onluc
1273 5076 1363 5124 ponens
1372 5064 1468 5123 oleum,
1478 5062 1520 5111 sed
1535 5065 1616 5124 partes
1624 5061 1700 5126 θύεις

1128 5151 1209 5200 Tertia
1220 5151 1327 5199 mauebit
1336 5151 1360 5200 iu
1373 5150 1485 5213 expedito
1495 5151 1605 5210 muritta,

1129 5240 1153 5290 Si
1162 5238 1262 5302 jungere
1270 5239 1301 5288 sit
1311 5253 1418 5299 necesse,
1429 5253 1461 5288 ne
1472 5239 1535 5289 absit
1545 5239 1653 5302 longius3
