4022 6084
822 496 860 556 IN
884 495 1091 558 MAXIMUM.
1668 514 1756 560 narrt

189 634 259 688 599.
273 629 319 688 Cl.
334 627 423 687 Ther.
441 625 591 704 ὃάνιγροθς
605 629 744 704 ἑρπηοτας,
768 650 820 701 70¹
843 632 931 708 φῶτας
976 629 1002 687 G
1020 631 1093 688 nihil
1117 631 1250 704 mutavit,
1274 629 1330 688 nisi
1350 628 1428 706 quod
1442 627 1588 709 κελαινεφέϊ
1601 627 1697 706 οῑᾶμα
1714 627 1756 707 δίη

148 719 189 790 cl,
207 717 252 775 ΑΙ.
270 719 319 792 36,
338 719 406 784 548.
976 739 1041 778 eum
1056 719 1150 777 D663
1167 707 1339 796 scripsit,'et
1353 730 1463 796 puncto
1479 729 1546 795 post
1564 713 1662 787 οὕτως,
1678 737 1758 776 com-

187 811 257 867 600.
274 807 309 872 είς
328 807 429 882 vulgo,
446 807 471 873 ἐς
485 825 539 864 nos
553 825 590 864 ex
600 808 744 865 constanti
759 806 847 884 hujus
862 827 927 866 usu.
977 821 1051 865 mate
1075 821 1140 885 post
1158 806 1287 888 φαέθοντα
1303 820 1331 864 et
1354 806 1420 864 colo
1440 818 1508 884 post
1528 803 1587 876 λίην
1609 804 1755 865 distinxit.

146 915 239 950 -κεν
257 892 311 952 ἐλαι
323 895 425 969 vulgo,
437 916 468 952 κα
479 892 554 951 πίλοι
567 914 630 954 nos.
645 895 739 954 Locus
750 896 833 953 varie
842 909 931 954 tenta·
975 894 1091 954 Oblitus
1113 909 1206 954 autem
1230 908 1273 954 est
1298 894 1385 954 etiam
1407 890 1539 970 Σεληναίη
1565 911 1602 951 ex
1627 891 1757 972 ejusdem

147 992 203 1039 tus.
217 981 244 1038 l)
258 982 316 1039 668
333 995 362 1040 et
377 985 434 1040 662
450 1003 504 1061 pro
519 985 603 1062 φῶφοτ
617 983 696 1060 conj.
709 983 765 1064 φώρ
775 1007 823 1054 τις,
837 983 863 1040 G
879 1007 930 1063 φον·
975 982 1177 1043 emendatione
1190 970 1269 1042 dare.
1288 982 1443 1060 Equidem,
1459 983 1484 1041 si
1506 980 1578 1058 quid
1592 981 1691 1054 video,
1709 979 1758 1039 hic

149 1067 215 1147 ρούς,
235 1090 322 1148 quam
347 1072 469 1130 formam
493 1071 556 1149 jam
571 1072 607 1130 ad
628 1075 685 1139 438
704 1073 927 1132 commendavit.
976 1071 1050 1130 nihil
1065 1073 1123 1131 nisi
1137 1092 1230 1130 meras
1242 1070 1376 1130 tenebras
1385 1069 1566 1130 video.Nam
1578 1088 1673 1147 neque
1685 1089 1758 1147 quo-

146 1156 226 1215 ldem
240 1171 337 1216 tamen
355 1173 461 1218 rectam
474 1161 553 1218 viam
570 1162 677 1236 sensit,
696 1158 756 1239 ἔλθῃ
770 1161 801 1219 in
818 1183 862 1219 κεν
874 1159 929 1220 ἕλοι
976 1161 1064 1219 morlo
1079 1161 1187 1240 triplex
1201 1159 1286 1219 lovis
1303 1160 1475 1219 memoratio
1493 1158 1635 1237 explicari
1647 1159 1757 1236 possit,

137 1245 235 1304 latere
248 1248 432 1323 existimans..
441 1247 497 1306 Sed
507 1247 658 1326 particulae
669 1249 822 1307 cumulatae
839 1269 856 1306 a
871 1248 927 1306 No-
975 1268 1028 1307 nec
1044 1250 1116 1326 quid
1136 1262 1186 1308 aut
1199 1250 1225 1307 ίν
1244 1247 1351 1328 γενέθλη
1365 1247 1443 1326 apud
1461 1247 1540 1306 hunc
1560 1259 1689 1324 poetam,
1709 1260 1758 1305 aut

144 1347 205 1392 stro
217 1354 277 1394 non
288 1335 446 1395 abhorrere
460 1335 647 1411 videbantur,
660 1338 703 1395 uti
714 1339 800 1395 etiam
809 1336 927 1413 judica·
974 1337 1089 1412 παράδος
1110 1360 1165 1414 μιν,
1183 1356 1236 1395 nec
1255 1335 1327 1414 quid
1346 1336 1477 1395 omnimo
1497 1355 1528 1394 v.
1549 1336 1607 1393 606
1630 1355 1675 1412 sq.
1697 1333 1758 1394 sibi

143 1423 188 1482 vit
199 1425 359 1484 Hermann.
371 1424 406 1482 ad
419 1424 496 1482 Lith.
509 1445 538 1483 v.
557 1433 624 1497 247.
975 1425 1076 1498 velint,
1094 1427 1259 1504 perspicere
1278 1426 1372 1485 valeo.
1389 1423 1464 1483 llinc
1481 1424 1536 1482 hos
1555 1423 1636 1501 ipsos
1655 1442 1759 1482 versus

186 1512 256 1569 603.
273 1508 345 1578 ξυνὸν
356 1511 459 1587 vulgo,
474 1511 549 1582 ἱυνην
564 1533 617 1570 nos
628 1532 645 1571 e
657 1533 732 1572 corr.
748 1512 775 1569 D
789 1513 858 1570 663.
974 1515 1058 1573 uncis
1076 1515 1196 1586 inclusi,¹
1209 1515 1320 1593 quippe
1335 1513 1519 1593 apertissime
1536 1511 1654 1570 aliunde
1665 1512 1759 1569 intru-

184 1599 333 1657 uos-610.
344 1601 414 1656 llaec
426 1600 456 1656 in
471 1597 518 1656 ΡΗ
534 1601 574 1658 ita
588 1601 742 1676 leguntur:
974 1621 1037 1674 sos,
1063 1616 1090 1661 et
1110 1603 1221 1662 lacunae
1239 1603 1324 1679 signa
1340 1614 1408 1681 post
1421 1599 1568 1682 κελαινεφέϊ
1582 1602 1686 1678 posui,
1705 1599 1758 1658 ubi

204 1729 258 1786 zm,
271 1730 409 1791 mmm,
429 1730 526 1780 aldrov
536 1734 592 1781 m,
615 1733 710 1780 ellum
720 1731 796 1788 αὔτως
973 1691 1148 1768 sequebatur
1160 1690 1299 1750 Mercurii
1317 1703 1346 1749 et
1362 1690 1483 1749 Veneris
1500 1687 1756 1764 commemoratio,

203 1800 247 1849 Ἢν
254 1801 275 1848 θ’
285 1801 343 1863 ῖοχη
354 1767 475 1864 Κρονίωνα
481 1749 693 1866 dunstapulam
973 1793 1000 1837 et
1013 1793 1078 1836 ante
1088 1777 1144 1837 οὔτι
1155 1778 1233 1856 λίην,
1247 1778 1328 1857 quod
1343 1779 1431 1837 finem
1441 1779 1571 1837 continet
1581 1776 1757 1835 admonitio·

203 1871 243 1921 Ἐν
253 1873 356 1934 γτνίθλη,
368 1873 470 1935 παράδος
480 1891 519 1936 μιν
530 1874 568 1924 λα’
580 1874 679 1937 ἠγάθεον
691 1873 806 1934 φαέθοντα
973 1869 1029 1940 nis,
1050 1889 1085 1926 ne
1099 1875 1182 1925 nimir
1195 1869 1268 1926 velit
1281 1866 1320 1926 ob
1335 1886 1396 1925 rem
1411 1867 1488 1925 furto
1499 1865 1624 1925 ablatam
1635 1865 1757 1924 moerori

205 1943 244 2028 ot,
253 1960 276 1992 τι
285 1943 336 2000 λίην
360 1943 463 2030 polipedes
473 1945 493 1994 δ’
503 1946 613 2032 leuisque
621 1944 709 2032 γίνοταφ
717 1945 788 1994 laet&
972 1975 1003 2014 φρ
1013 1956 1118 2014 dedere
1133 1979 1140 2013 ι
1159 1957 1196 2019 cf,
1214 1966 1270 2026 410
1280 1977 1340 2033 sq.,
1358 1956 1426 2030 579.

204 2015 286 2077 'l'stpse
296 2017 454 2077 Κναφογανεια
464 2018 504 2064 καὶ
516 2017 618 2078 οιίηληοις
631 2019 685 2072 drot
694 2017 770 2079 ατο-τηρ

204 2083 258 2134 Ἠίλλ
267 2085 463 2148 ιαὶώανθφὸμονο
476 2087 614 2151 anement
623 2085 769 2149 Ἑφμάωνος.

172 2394 259 2459 Scripsi
271 2395 403 2459 morellis,
413 2397 459 2446 cal.
475 2397 573 2447 Jenuar.
588 2398 722 2464 MDcccl..

1202 2579 1380 2638 Annrmrus
1407 2568 1629 2670 KOECHLY.
