4028 6042
106 430 240 514 (ιν-ιι)

105 585 155 666 (ao)
170 579 235 646 Ἔτι
253 581 280 643 δέ
294 582 340 644 καλ
354 581 519 656 πενίασσντας
532 589 767 673 ῶςμικρσψόχσυς,

104 715 108 749 Ι
173 670 242 740 είτις
251 671 317 740 όλως
326 670 434 754 θόρυόος
445 675 533 742 αὐτοῖς
544 675 662 758 ἐμπέσῃ,

102 753 121 826 Ι’·
169 761 215 824 καλ
226 764 263 846 τῷ
274 759 353 844 ψύχει
361 761 509 840 κάμνοντας
514 809 523 838 ,
532 767 567 832 ῶς
579 768 790 852 βραχυπτέρσυς,

105 853 156 913 'sao
167 851 309 919 ἃπλοῦντες
320 849 394 919 εὐθὺς
402 849 451 923 τὴν
463 852 627 938 κατάπτερον
640 855 743 938 στέγην,

170 939 308 1025 σφίγγουσι
319 938 365 999 καλ
376 937 521 1000 θάλπουσιν
532 945 567 1010 ῶς
576 943 724 1026 ἐρασμίους.

99 1031 150 1110 (aa)
170 1029 229 1092 Κᾶν
244 1026 391 1114 ὄρνιθιυιὴς
402 1029 534 1112 ίκταρέξῃ
548 1029 582 1092 ἰδ
594 1032 691 1116 βρέφη,

166 1117 246 1200 τέχνῃ
261 1121 329 1202 σοφῇ
338 1119 445 1178 νικῶσιν
457 1120 481 1176 ol
492 1120 665 1203 φυτσσπόροι,

99 1197 129 1257 ‚⁶²
166 1211 219 1268 τῶν
236 1206 358 1289 μητέρων
369 1205 399 1265 τό
410 1206 516 1292 φίλτρον
528 1211 726 1290 έκμιμούμενοι.

107 1319 150 1359 aas
161 1298 273 1361 Χαλῶσι
285 1296 332 1376 μέν
343 1293 396 1377 γὰρ
406 1295 437 1356 τό
446 1297 543 1381 πτερόν
558 1299 727 1383 παραυτίκα,

162 1383 309 1464 εἱλούμενοι
323 1387 351 1448 δέ
365 1388 440 1472 παρὰ
457 1387 518 1458 τούς
531 1389 625 1450 τούτου
634 1391 729 1465 πόδας,

99 1477 147 1558 (ου)
163 1477 270 1538 δοκοῦσι
283 1483 377 1559 μικροῦ
390 1480 585 1558 συμπατεῖσθαι
600 1483 657 1548 ταῖς
672 1480 782 1562 τρίῦοις,

158 1564 205 1628 καλ
217 1564 267 1640 τὴν
277 1565 362 1648 φυγὴν
374 1565 516 1627 κλέπτουσι
527 1570 581 1628 τῶν
595 1570 769 1649 ζητουμένων,

157 1656 216 1726 τούς
230 1657 382 1732 έπατηλοδς
392 1657 562 1727 έξελίττοντες
575 1657 699 1740 δρόμους·

104 1751 199 1816 mosei
211 1749 271 1820 τούς
285 1753 395 1830 ἀπαγεῖς
409 1755 456 1824 οὐκ
469 1753 531 1812 ἐῶσι
547 1753 686 1835 φιλτάτους

157 1845 193 1910 τίς
204 1850 295 1924 χεῖρας
308 1844 401 1923 ἐχθροῦ
414 1843 569 1920 συμπεσεῖν,
578 1845 613 1910 ὡς
627 1841 762 1926 αἰπτέρσυς.

97 1933 147 2016 (aa)
169 1929 203 1993 ‘0
212 1929 264 2012 γάρ
276 1928 382 2012 έφιστθς
393 1933 430 2000 εἷς
442 1929 515 1990 κενόν
525 1930 573 1999 τὰς
586 1931 710 2011 ἐλπίδας,

163 2017 278 2100 άφελςτδ
290 2020 390 2100 μικρὰ,
403 2018 468 2100 πρὸς
478 2017 513 2079 τὰ
525 2019 631 2098 μείζονα
644 2020 741 2104 τρέχει.

99 2099 122 2108 ’
158 2107 243 2174 Μόλις
253 2130 284 2186 γε
298 2105 350 2184 μὴν
363 2105 487 2191 φεύγωσι
496 2107 709 2191 τὴντυραννίδα,

106 2217 146 2259 κου
159 2199 259 2274 μᾶλλον
272 2195 300 2256 δέ
312 2195 361 2269 τὴν
376 2194 490 2264 ῦποπτσν
503 2199 618 2256 ἐντεῦθεν
632 2198 742 2279 βλάόην.

160 2284 240 2348 Mende
254 2285 282 2346 δέ
297 2286 399 2366 μικρὸν,
413 2287 441 2344 έν
462 2288 537 2369 καλῷ
551 2285 658 2355 στάντες
667 2286 762 2362 τόπου,

94 2375 140 2456 (ιο)
153 2374 187 2436 τέι
199 2375 293 2436 στικτέι
305 2374 460 2454 συλλέγουσι
472 2373 602 2456 μακρόθεν
611 2375 693 2458 βρέφη

157 2468 253 2544 τῇτῶν
268 2465 384 2545 έφολκῶν
399 2469 512 2543 μουσικῇ
525 2465 760 2548 προσφθεγμάτων.

157 2554 213 2616 Καὶ
223 2554 272 2628 τὴν
286 2553 443 2629 καλιδντλν
452 2555 619 2634 καλουμένην
640 2557 710 2631 άλω,

103 2664 143 2706 atto
152 2643 261 2726 πέρδιξ,
275 2646 401 2725 βασιλεῦ,
416 2652 474 2713 ταῖς
488 2645 575 2725 γοναῖς
584 2645 734 2721 διαπλέκει,

153 2731 298 2812 θαυμάσιόν
310 2757 335 2793 τι
349 2738 458 2814 χρῆμα,
472 2733 518 2792 καί
530 2731 625 2814 τέχνης
634 2732 725 2814 γέμον.

94 2819 138 2904 (ιο)
151 2821 248 2891 Ξύλοις
259 2821 310 2904 γάρ
324 2821 407 2896 αὐτὴν
421 2823 567 2900 μαλθακοῖς
577 2825 747 2905 θραρμόσας,

155 2909 274 2989 θάλαμον
290 2909 409 2993 όπέφηνε
422 2915 515 2991 μικροῦ
525 2907 573 2983 ele
586 2911 690 2991 στέγην·

153 3001 287 3059 κένταῦθα
298 2997 388 3058 λαθὼν
401 2999 532 3079 έγκαθίζει
543 2999 602 3068 τούς
608 2999 712 3070 τόκους·

107 3105 147 3146 noa
159 3079 196 3155 οἷς
205 3088 251 3149 καλ
261 3085 332 3148 κόνιν
348 3087 465 3166 μάλιστα
477 3087 577 3160 λεπτὴν
587 3087 697 3169 ἐγχέων,

159 3181 206 3248 τῆς
217 3175 319 3258 φύσεως
330 3175 360 3235 τό
371 3175 468 3244 κάλλος
482 3176 677 3259 άναφαιδρύνει.

92 3261 137 3342 (tol
152 3267 207 3327 liet
218 3269 268 3347 γῆν
282 3265 554 3348 παραθελςπορφυρδν
569 3265 622 3348 πρὸ
631 3273 676 3327 τοῦ
691 3265 817 3349 τρόφους,

159 3362 194 3425 ῶς
204 3361 222 3429 ἡ
232 3352 339 3422 πελειάς
354 3355 488 3435 ἁλμυρίδα
505 3363 560 3422 τοῖς
573 3355 668 3436 τόκοις,

154 3441 375 3513 τούςκακσσίτους
393 3443 508 3511 εὖσίτους
521 3443 671 3525 εἰργάσατο.

107 3556 146 3596 nto
156 3531 235 3605 Πλὴν
250 3534 298 3591 οὐκ
308 3529 469 3609 ἀναμένουσι
480 3529 527 3599 τὰς
540 3530 696 3612 λοχευτρίας

149 3623 213 3706 πρὸς
226 3619 275 3694 τλν
287 3619 409 3692 ποθεινὴν
416 3619 547 3703 έκγλυφὴν
556 3619 590 3678 cd
603 3621 700 3695 νήπια,

92 3711 135 3796 (aa)
151 3708 435 3792 άλλδπεριῤῥήσσουσι
454 3707 503 3782 τλν
514 3707 564 3778 ἔξω
571 3707 672 3782 σκέπην

149 3803 176 3860 έν
191 3803 244 3868 τοῖς
262 3796 444 3880 ύποκρούμασι
456 3799 508 3858 τῶν
524 3796 723 3880 σφαδασμάτων

145 3885 302 3968 Ἐπείγεται
312 3885 364 3968 γδρ
375 3886 515 3970 ἐκδραμεῖν
527 3885 579 3967 πρὸ
592 3891 637 3946 τοῦ
653 3886 761 3968 χρόνου,

94 3999 132 4039 art
151 3975 198 4037 καλ
212 3974 305 4059 μικρὸν
320 3973 483 4036 ἐκκύπτοντα
497 3975 607 4034 κινεῖται
620 3975 711 4036 πλέον·

147 4066 193 4131 καὶ
206 4061 326 4147 θρύῶιται
341 4061 389 4142 μέν
401 4063 551 4145 εύχερῶςτδ
565 4064 688 4147 θριγγίον,

91 4155 134 4238 (συ)
150 4153 287 4224 ἐξίπταται
299 4151 342 4225 δέ,
357 4151 403 4212 καί
419 4151 518 4233 βαδίζει
526 4198 534 4226 ,
546 4152 592 4213 καὶ
607 4151 695 4236 τρέχει

148 4244 247 4324 ἰσχνῶς
259 4238 294 4300 εδ
307 4238 392 4299 λεπτδι
405 4239 610 4311 κακκαόάζοντα
626 4242 720 4325 βρέφη.

68 4341 73 4350 ’
151 4335 214 4393 Τῶν
225 4329 325 4402 θήλεων
339 4327 368 4388 δέ
382 4329 420 4408 μὴ
434 4329 571 4413 παρόντων
587 4334 623 4401 είς
633 4332 729 4411 γάμον,

89 4441 128 4482 sao
146 4422 230 4503 χωρεῖ
239 4416 304 4500 πρὸς
315 4417 396 4500 ὀργὴν
411 4423 426 4478 ὁ
440 4417 550 4502 στρατὸς
562 4423 614 4480 τῶν
630 4421 758 4504 ἀρρένων·

148 4509 276 4592 ἐμφύλιον
286 4507 315 4567 δέ
326 4507 550 4592 συγκροτήσαντες
559 4509 660 4592 μάχην,

91 4599 135 4682 [aa]
150 4597 233 4665 οῦτως
247 4596 409 4679 ένμόρίζουσι
420 4607 474 4666 τοῖς
491 4598 652 4678 νικωμένοις.

148 4688 197 4751 Ἐν
203 4681 322 4768 ’ἡμέραις
336 4686 364 4747 δέ
377 4711 456 4770 φασιν
470 4687 538 4748 ieet
553 4687 601 4769 μέν
615 4690 696 4770 κύειν,

146 4775 191 4837 καλ
204 4774 264 4843 τοὺς
274 4773 393 4844 νεοττούς
406 4780 433 4836 έν
448 4777 589 4846 τοσαύταις
602 4778 712 4859 ἐξάγειν,

88 4887 127 4926 aaa
142 4864 188 4926 καί
201 4863 283 4924 πάλιν
296 4864 430 4951 αὐτοὺςιέν
442 4865 583 4936 τοσαύταις
596 4867 738 4952 ἐκτρέφειν,

146 4954 191 5015 καὶ
203 4953 252 5028 τλν
266 4952 361 5015 καλιδιν
375 4957 402 5015 έν
413 4954 553 5023 τοσαύταις
564 4955 717 5035 ἐμπλέκειν,

90 5041 133 5126 (ro)
149 5047 173 5104 οί
184 5043 320 5126 θηρατικοὶ
333 5041 381 5114 adr
395 5043 473 5124 γσνδς
487 5049 539 5104 τῶν
556 5045 696 5128 περδίκων·

146 5123 214 5193 εἶναι
228 5130 257 5193 δέ
271 5137 374 5203 πειθοῦς
387 5132 507 5202 δεκτικδις
520 5135 707 5217 χειροτρόφου,

146 5221 191 5282 καὶ
202 5227 249 5302 ζῇν
266 5225 294 5282 έν
303 5225 431 5305 εἱρκταῖς,
445 5224 491 5284 καὶ
500 5234 599 5308 τρυφᾷν
613 5228 657 5310 ἀφ’
671 5223 767 5296 ἑστίας·

91 5331 129 5374 tw
146 5313 176 5372 ού
189 5310 307 5372 πείθεται
318 5309 346 5372 δέ
360 5311 514 5395 συροπέρδιξ
527 5315 627 5376 ἐνθάδε.

459 437 588 506 PHlLlll
610 441 754 509 VERSUS
773 445 824 511 DE
843 445 1069 516 tentamine
1086 447 1365 513 enormitates.

934 603 1025 655 Adhaec
1032 617 1074 654 eos
1085 609 1110 655 et
1118 612 1248 670 paventes,
1260 607 1345 671 utpote
1354 609 1396 673 qui
1407 609 1571 674 pusillanimes
1581 619 1654 674 sunt,

934 693 954 743 si
967 693 1024 757 quia
1033 692 1138 758 denique
1146 696 1268 746 tumultus
1279 695 1456 762 ipslslngruat,

933 783 957 832 et
968 782 1054 845 trigone
1062 783 1211 847 laborantes,
1223 785 1312 850 qulppe
1321 787 1434 839 brevibus
1446 792 1524 842 tectos
1534 791 1618 856 pennis
1625 827 1633 857 ,

932 871 1094 934 expandentes
1102 873 1184 923 atatim
1195 874 1288 924 alarum
1299 881 1393 939 tegmen

932 958 1111 1023 amplectuntur
1121 963 1146 1011 et
1155 961 1253 1028 fovent,
1261 965 1376 1028 nuquam
1387 965 1494 1018 delicias.

932 1047 1024 1108 Quodsi
1034 1063 1122 1113 auceps
1131 1052 1235 1102 extsmet
1250 1053 1342 1116 pullos,

930 1140 981 1188 crte
994 1137 1105 1202 prudenti
1117 1152 1176 1190 eom
1185 1141 1304 1203 genitores
1314 1143 1427 1207 vincunt,

931 1229 1035 1276 matrum
1046 1239 1153 1278 amorem
1165 1229 1299 1282 imitentes.

842 1375 844 1380 ,
931 1314 1097 1364 demutenlm
1111 1315 1310 1380 extemploalaa,

930 1402 1084 1468 etprovoiuri
1093 1405 1149 1454 οινεο
1160 1403 1227 1455 illius
1242 1406 1314 1469 pedes

929 1491 1042 1543 videntur
1050 1491 1100 1544 lere
1109 1493 1197 1546 calcari
1206 1509 1254 1545 nna
1262 1509 1318 1546 eum
1330 1499 1435 1562 semitls;

929 1583 954 1632 et
965 1581 1047 1644 lugam
1056 1595 1141 1633 eorum
1152 1584 1194 1647 qral
1206 1587 1349 1647 queruntur
1357 1588 1490 1650 occultant,

929 1669 1023 1720 iallaaes
1035 1683 1122 1722 cursus
1133 1672 1275 1736 volventes,

927 1759 1065 1810 necsiuunt
1080 1760 1219 1812 carissimos
1236 1762 1344 1815 infirmo.

927 1848 953 1897 le
964 1861 1051 1899 manua
1060 1848 1149 1900 inimici
1160 1850 1278 1914 incidere,
1286 1854 1315 1903 ut
1326 1852 1462 1918 implumes.

926 1935 1040 1987 llleenim
1053 1937 1175 1989 insanum
1186 1939 1263 2004 posita
1275 1954 1330 2006 spe,

927 2023 1015 2076 τοῦτον
1027 2027 1148 2090 parvulis,
1156 2028 1186 2077 ad
1197 2020 1301 2093 majores
1308 2033 1392 2082 currit.

927 2113 1058 2165 Enimvero
1069 2127 1133 2178 aegre
1144 2117 1262 2180 elinginnt
1271 2119 1452 2184 crudelitatem,

926 2204 969 2253 aut
980 2203 1062 2266 potius
1071 2205 1200 2269 perniciem
1214 2207 1270 2257 inde
1282 2208 1455 2262 imminentem.

926 2293 1001 2343 Paulo
1011 2300 1092 2344 autem
1102 2296 1171 2357 post,
1181 2295 1206 2345 in
1216 2309 1301 2346 securo
1309 2297 1362 2349 loeo
1374 2303 1463 2351 sentes
1469 2337 1477 2364 ,

926 2383 1007 2433 varios
1017 2383 1118 2433 mendis
1132 2383 1213 2448 pullos
1224 2384 1378 2450 elonginquo
1390 2389 1504 2453 colligunt

925 2471 1083 2522 allicientium
1095 2478 1211 2523 mutuum
1221 2478 1322 2524 musica.

910 2561 957 2611 'lit
968 2559 1065 2621 nidum,
1075 2573 1148 2624 quam
1160 2575 1242 2612 aream
1251 2567 1352 2626 vocant,

925 2649 1023 2714 perdia,
1036 2663 1093 2711 rex,
1105 2651 1214 2714 parvulis
1225 2652 1312 2712 atmlt,

927 2739 1012 2790 mirem
1025 2739 1147 2803 quandam
1159 2753 1224 2801 rem,
1236 2745 1260 2790 et
1274 2741 1334 2790 artis
1345 2742 1448 2805 plenam.

925 2828 1005 2890 Ligeia
1014 2828 1078 2878 enim
1088 2828 1178 2879 teneris
1187 2829 1229 2878 illo
1241 2835 1381 2894 compacto,
1396 2808 1410 2874 ἶ

924 2917 1055 2966 thalamum
1067 2916 1116 2968 iere
1127 2917 1206 2968 reddit
1214 2917 1261 2968 hoc
1270 2921 1374 2983 tectum;

922 3002 1004 3069 ibique
1013 3005 1115 3056 eodoeat
1124 3006 1256 3070 prehensos
1268 3007 1357 3072 pullos,

925 3094 1014 3158 quibus
1023 3095 1096 3145 etiem
1105 3094 1229 3157 pulverem
1243 3096 1412 3150 tenuissimum
1421 3097 1559 3164 inspergens

924 3183 1030 3232 nativam
1042 3182 1244 3246 pulchritudinem
1256 3185 1393 3238 nitidiorem
1402 3187 1489 3239 reddit.

924 3277 959 3322 Ac
968 3276 1056 3322 terram
1065 3271 1163 3322 rubram
1172 3285 1294 3336 apponens
1303 3275 1359 3324 οοέο
1370 3273 1464 3334 mum,

925 3364 952 3410 ut
962 3359 1075 3410 columba
1085 3361 1188 3410 muriam
1200 3361 1274 3423 pullis
1285 3362 1350 3424 suis,

925 3448 1061 3499 iastldlosos
1072 3449 1119 3502 clbi
1130 3451 1270 3512 appetentes
1279 3449 1367 3502 reddit.

924 3541 1043 3588 preterea
1052 3549 1181 3602 puerperae
1193 3551 1241 3588 non
1250 3544 1390 3602 exspectant

925 3627 1019 3689 parvuli
1031 3627 1062 3677 ad
1072 3626 1231 3678 desideratam
1241 3628 1413 3692 pullationem,

925 3715 966 3766 sed
976 3716 1067 3767 circum
1080 3717 1193 3780 frangunt
1202 3721 1327 3768 extermm
1340 3722 1434 3782 tegmen

888 3855 893 3870 ‚
925 3805 1123 3871 percussionibus
1134 3805 1330 3870 palpitationem.

925 3898 1058 3958 Properaut
1071 3895 1136 3946 enim
1147 3908 1274 3946 excurrere
1285 3899 1342 3948 οοέο
1352 3898 1464 3962 tempus,

924 3985 950 4036 et
963 3983 1088 4047 paululum
1098 3985 1272 4048 prospicientes
1282 3992 1409 4038 moventur
1419 3989 1521 4052 amplius
1528 4005 1535 4051 ς

924 4087 952 4123 ac
964 4073 1033 4124 incile
1041 4073 1141 4137 quidem
1150 4073 1266 4137 frangitur
1278 4089 1377 4137 murus,

923 4163 1052 4227 prosiliunt
1060 4167 1155 4225 numm,
1168 4165 1193 4213 et
1205 4163 1372 4226 ingrediuntur
1380 4167 1405 4214 et
1414 4171 1512 4217 currunt

923 4252 1028 4302 tenuiter
1038 4252 1106 4315 parvi
1117 4251 1177 4315 pulli
1186 4253 1349 4303 caccabanles.
1415 4289 1419 4297 .

923 4340 1030 4392 Feminis
1041 4344 1182 4391 autemnon
1191 4341 1391 4404 praesensionem
1402 4343 1510 4406 nuptias,

923 4431 948 4482 in
956 4431 1017 4481 iram
1029 4429 1116 4480 transit
1126 4430 1289 4480 masculorum
1299 4444 1400 4494 agmen:

922 4519 1080 4571 domesticam
1091 4521 1174 4570 autem
1183 4519 1226 4570 ulei
1232 4519 1407 4570 commiserunt
1416 4534 1534 4584 pugnam,

922 4615 974 4660 tum
986 4609 1108 4660 exsultant
1119 4609 1246 4660 insolentia
1254 4613 1337 4660 eorrtra
1346 4609 1432 4659 victos.

921 4701 1020 4765 Septem
1030 4711 1090 4750 vero
1099 4698 1151 4750 dies
1162 4701 1259 4762 partum
1270 4703 1377 4760 gestare,

922 4791 947 4840 et
957 4789 1037 4852 pullos
1049 4787 1148 4840 totidem
1160 4791 1215 4852 post
1225 4787 1277 4838 dies
1285 4784 1427 4848 excludere,

922 4883 946 4930 et
955 4893 1027 4944 porro
1037 4893 1080 4931 eoa
1092 4891 1134 4943 per
1146 4877 1247 4928 totidem
1257 4875 1309 4927 dies
1320 4875 1439 4940 educare,

921 4971 946 5020 et
958 4969 1043 5020 nidum
1053 4968 1154 5020 totidem
1163 4967 1248 5017 diebus
1260 4969 1400 5017 runatmere

922 5057 1028 5108 wholem
1041 5056 1292 5121 perdicum,aueupes
1304 5053 1414 5118 tradunt;

922 5147 1012 5198 dociles
1025 5148 1106 5198 autem
1121 5159 1174 5196 esse
1187 5143 1337 5196 educationis
1347 5143 1502 5210 eomes,

921 5238 947 5286 et
956 5238 981 5285 lu
992 5237 1066 5301 septis
1074 5235 1168 5298 virere,
1182 5239 1207 5286 et
1217 5234 1318 5299 opimari
1327 5233 1358 5286 de
1368 5234 1424 5286 loeo
1436 5255 1444 5288 ε

921 5338 966 5379 nec
977 5337 1036 5378 vero
1048 5307 1190 5389 syroperdir
1204 5323 1267 5389 aprnl
1281 5337 1325 5376 nos
1335 5322 1471 5388 rrrnnsrretit,
