3992 6078
659 352 863 415 ΣΕΡΒΙΛΙΟΥ
884 345 1177 409 ΔΑΜΟΚΡΑΤΟΥΣ
1198 346 1248 404 ΤΑ
1273 343 1463 403 ΛΙΕΙΨΑΝΑ.

616 549 693 564 *-

306 664 387 734 Ἄλλη
399 661 499 743 σφόδρα
514 659 583 730 καλὴ
598 659 662 740 πρὸς
677 658 693 716 ἃ
705 658 829 738 προεῖπον
842 656 919 715 πάνθ’
935 657 1038 718 seta<-
1088 671 1139 720 rttia
1149 668 1281 716 admodum
1292 667 1354 713 Ινιιιο
1364 665 1393 712 ad
1403 677 1458 726 qam
1469 661 1569 725 praediri
1579 661 1679 719 omnia3

305 752 394 814 drach
408 752 429 809 δ’
444 749 544 826 ἀμείνω
558 747 634 820 τάνδε
653 747 716 828 πρὸς
727 747 761 805 τὰ
774 745 912 823 πνεύματα

256 865 292 902 τοι
309 843 421 905 Πολλοῖς
434 837 538 918 χρόνοις
549 838 683 895 λυποῦντα
698 837 742 894 τὸν
755 835 889 913 στόμαχον
901 833 993 903 ποιεῖν,

308 927 362 998 Καὶ
378 925 566 1007 βορόορυγμοῖς
581 926 633 991 τοῖς
648 922 844 1002 ἐνοχλουμένοις
856 920 896 978 ἀεὶ

306 1020 369 1077 Τῶν
382 1013 501 1094 ἐντέρων,
514 1012 601 1072 κώλου
616 1037 644 1071 τε
660 1015 705 1070 καὶ
718 1016 764 1083 τῆς
776 1011 913 1091 γαστέρος.

310 1107 387 1165 Ποιεῖ
403 1103 485 1162 δὲκαὶ
496 1101 617 1182 γέρουσιν
632 1100 774 1168 όξυωπίαν,

307 1195 370 1257 Τοῖς
380 1191 559 1270 θηριοδήκτοις
571 1190 626 1250 ἐστὶ
639 1189 843 1270 συμφορωτάτη·

258 1305 295 1344 ιιι]
313 1281 429 1350 Σκεύαζε
442 1282 466 1337 δ’
482 1279 573 1352 αὐτὴν,
587 1279 660 1338 ταῦτ’
673 1278 740 1358 ἔχων
753 1276 786 1336 τδι
802 1277 936 1355 μίγματα·

309 1373 362 1430 Τοῦ
378 1372 543 1450 Κυρηναϊκοῦ
559 1370 641 1426 καλοῦ
656 1365 780 1446 δραχμὴν
793 1369 873 1442 ὀποῦ,

310 1458 416 1539 Ἀκόρου
431 1456 514 1516 τεκαὶ
527 1461 575 1537 ροῦ
588 1454 728 1535 καστορίου
740 1479 768 1530 re
781 1455 826 1513 καί
842 1454 959 1532 ἀσάρυυ,

315 1547 368 1606 Καὶ
382 1544 564 1626 καρδαμώμου
580 1545 731 1626 σπέρματος
744 1543 788 1603 καί
800 1543 938 1622 κόμμεως,

313 1636 401 1700 Χυλοῦ
413 1637 437 1693 τ’
451 1634 576 1707 ἄκακίας,
589 1639 634 1705 τῆς
651 1634 758 1714 ἀρίστης
769 1631 857 1716 ἴρεως,

261 1747 298 1786 ιιι
314 1728 437 1804 Καθαροῦ
451 1729 621 1802 σαγαπηνοῦ,
638 1727 760 1802 θπερικοῦ
773 1728 819 1780 τοῦ
835 1726 966 1802 Κρητικοῦ

313 1813 421 1874 Τούτων
433 1811 545 1870 ἑκάστου
558 1812 603 1870 δύο
618 1812 739 1893 δραχμάς
751 1811 931 1892 ῥεπέστερον*.

315 1899 529 1977 Ὀποῦαλσόμου
543 1924 571 1958 τε
583 1906 630 1960 τοῦ
643 1902 762 1977 διαυγοῦς
773 1902 840 1980 τρεῖς
852 1901 987 1980 δραχμάς·

315 1988 519 2070 Ὀποόαλσάμιρ
530 1986 557 2046 δέ
568 1989 662 2047 ταῦτὀν
671 1991 780 2070 ψολλίου
797 1989 888 2069 βάρος

316 2082 419 2142 Λευκοῦ
430 2075 576 2156 πεπέρεως,
589 2077 786 2156 πετροσελίνου,
798 2079 930 2148 Κελτικῆς

264 2189 303 2228 reo
321 2164 442 2245 Στάχυός
454 2188 482 2223 τε
497 2165 605 2245 νάρδου,
621 2162 792 2245 μαλαόάθρου
805 2164 903 2246 φύλλου
917 2165 988 2234 νέου,

319 2256 471 2315 Αἰθιοπικοῦ
483 2276 512 2310 τε
524 2252 569 2310 καί
581 2253 691 2330 κυμίνου
707 2252 873 2331 σπέρματος,

318 2342 509 2418 Ἀθαμαντικοῦ
524 2341 592 2418 μνίου
605 2364 633 2399 τε
648 2339 779 2418 κάμώμου
790 2343 886 2410 καλοῦ,

319 2429 465 2504 Μήκωνος,
477 2427 565 2500 όπίου,
578 2434 727 2503 γεντιανῆς,
742 2429 882 2507 βαλσάμου

320 2517 426 2592 Στόσας
441 2515 551 2576 ἑκάστου
566 2517 687 2597 δραχμάς
699 2517 828 2596 τέσσαρας
841 2523 965 2598 σταθμῷ,

268 2629 307 2670 tua
322 2606 457 2690 Στύρακος
469 2606 597 2683 σταγόνας
608 2606 635 2663 δὲ
652 2605 730 2663 πέντε
745 2606 790 2663 καὶ
803 2605 957 2686 τριώύολοψ

320 2694 424 2757 Κύστου
436 2693 464 2753 δέ
475 2697 577 2766 λευκοῦ,
588 2693 713 2759 σεσέλεως
728 2693 773 2751 καί
786 2694 933 2762 θλάσπεως,

323 2783 425 2851 Κασίας
439 2783 563 2861 μελαίνης
575 2781 646 2840 πένθ’
658 2782 769 2840 ἑκάστου
784 2781 822 2838 δύ’
832 2781 953 2848 δόσλούς·

325 2871 438 2952 Σχοίνου
448 2893 477 2928 τε
488 2869 580 2928 πολίου
596 2869 646 2928 avt
658 2869 734 2928 πέντε
745 2871 790 2927 καί
804 2869 955 2948 τριώόολον·

324 2961 377 3021 Καὶ
390 2962 523 3041 Κρητικοῦ
541 2955 568 3016 δέ
580 2959 661 3017 ταύτὸ
675 2959 817 3034 δικτάμνου
833 2960 907 3024 πόας·

271 3069 310 3108 rau
324 3048 430 3121 Ταύτης
442 3047 497 3106 ίσον
512 3046 663 3127 πρόσόιιλλε
679 3048 800 3128 σκορδίου
813 3047 945 3124 σταθμόν·

324 3139 436 3215 Μακροῦ
448 3136 590 3216 πεπέρεως,
604 3137 648 3196 καῖ
659 3137 786 3206 λιῦάνου,
800 3139 844 3196 καί
861 3139 995 3212 Λημνίας,

327 3223 465 3303 Σμύρνης,
477 3225 641 3305 γλυκυρίζης,
657 3225 809 3305 χαλόάνης,
825 3227 998 3306 τερμινθίνης,

325 3314 415 3392 Ξηροῦ
428 3335 455 3370 τε
471 3313 569 3386 νήσσης
579 3312 690 3391 αἵματος
702 3321 747 3372 τοῦ
761 3313 929 3396 προσφάτου,

325 3399 512 3467 Ὀποτιάνακός
523 3425 551 3459 τε
562 3403 608 3460 καὶ
620 3401 756 3482 μαράθρου
768 3409 814 3461 τοῦ
830 3402 997 3482 σπέρματος,

275 3511 313 3551 ras
327 3490 423 3568 Ξηρῶν
440 3488 521 3570 βόδων
535 3488 652 3569 φύλλων,
668 3492 713 3548 καὶ
726 3496 772 3562 τῆς
783 3493 945 3558 ὑποκιστίδος

327 3580 416 3638 Χολοῦ
430 3577 517 3641 καλῶς
526 3577 661 3655 γεγονότος
675 3581 801 3659 σἰγαρικοῦ
814 3580 836 3638 τ’
850 3581 911 3638 ἴσα·

328 3670 384 3727 Τοῦ
399 3667 533 3748 Κρητικοῦ
548 3666 645 3724 δαύκου
657 3691 686 3725 τε
697 3673 813 3747 καθαροῦ
829 3669 991 3748 σπέρματος,

328 3751 476 3834 ’λνισαρίου
489 3776 519 3811 τε
533 3753 694 3834 σπέρματος,
710 3755 817 3833 σκίγκου
830 3760 852 3813 τ’
867 3755 932 3814 ἴσον·

330 3842 377 3907 Δὶς
391 3839 445 3919 τρίς
461 3839 576 3898 ἑκάστου
591 3839 723 3920 μίγματος
737 3844 825 3921 βαλεῖς
840 3844 973 3920 σταθμόν·

279 3952 315 3991 ιιι]
333 3930 387 3990 Καί
403 3930 472 4008 [τοῦ]
487 3927 650 4009 ζιγγιόέρεώς
663 3937 747 3990 τετοῦ
763 3930 840 4011 ξηροῦ
856 3936 958 4010 καλῶς,

331 4020 385 4080 Καί
400 4015 570 4095 κινναμώμου
582 4019 627 4077 καὶ
642 4019 737 4100 κρόκου
751 4021 787 4087 δὶς
802 4019 943 4101 τέσσαρας·

335 4107 445 4174 tritara<
455 4110 501 4164 τοῦ
512 4111 630 4185 χρηστοῦ
643 4107 687 4164 τὸν
703 4109 810 4166 διπλοῦν
823 4118 888 4166 πᾶσι
900 4111 1024 4186 σταθμόν·

335 4194 415 4252 (λίνου
429 4217 458 4253 τε
474 4193 539 4254 Κίου
552 4199 597 4252 τοῦ
610 4196 692 4252 καλοῦ
703 4195 733 4254 τὸ
745 4196 906 4277 σύμμετρον,

332 4281 368 4341 Ἢ
382 4289 427 4341 τοῦ
436 4282 586 4362 Φαλερίνου
598 4283 678 4343 ταύτδ
688 4290 732 4342 τοῦ
747 4287 962 4365 χεχρονισμένου,

284 4393 321 4430 ιιι
339 4371 455 4440 Σκεύαζε
469 4370 592 4445 δἀὖτλν,
608 4375 642 4438 ὡς
658 4382 783 4455 προεῖπον
799 4376 850 4431 δεῖν
863 4379 946 4434 ποιεῖν

335 4459 392 4530 Τὴν
407 4461 535 4540 θηριακὴν
551 4461 684 4520 ἀντίδοτον
699 4463 844 4544 ἔμπροσθεν
858 4463 958 4543 βραχῦ,

337 4546 443 4606 Δι’δόναι
455 4551 478 4607 θ’
494 4549 590 4626 ὁμοίοις
605 4559 694 4624 πᾶσιν,
707 4554 741 4628 ᾡς
755 4551 841 4621 κείνην
853 4550 928 4632 ἕρην.

338 4727 379 4784 Δι’
391 4725 511 4803 αἱμάτων
523 4728 666 4801 άντίδοτος,
682 4727 714 4800 ἥν
727 4728 805 4810 φασίν
817 4755 882 4796 τινες

338 4810 458 4890 Ἄμεινον
472 4823 554 4872 ποιεῖν
569 4815 632 4895 πρὸς
646 4815 679 4874 τδι
693 4817 851 4896 δηλητήρια.
939 4859 949 4882 ς

289 4922 326 4961 rari
336 4897 415 4979 Ἔχει
430 4899 456 4959 δὲ
470 4901 666 4980 χηνὸςαῖματος
682 4903 760 4983 ξηροῦ
771 4905 829 4976 δύο,

343 4989 395 5049 Καὶ
410 4991 478 5072 τρεῖς
492 4991 609 5069 χελώνης
623 4996 668 5061 τῆς
680 4993 822 5060 θαλασσίας
837 4995 970 5074 δραχμάς·

341 5078 380 5139 Th
395 5077 416 5138 δ’
425 5079 489 5137 αὐτὸ
503 5078 610 5152 νήσσης,
624 5081 668 5138 καὶ
677 5081 764 5163 ε’ρίρου
780 5088 848 5162 τρεῖς
860 5083 906 5149 τὰς
921 5083 992 5149 ἴσας·

344 5167 453 5241 Νήσσης
468 5169 490 5226 δ’
503 5167 609 5245 άμεινον
622 5160 689 5245 αἷμα
702 5171 805 5241 θηλείας
817 5173 898 5229 δοκεῖ·

345 5256 614 5337 ΣτακτῆςἈραόικῆς
628 5258 782 5337 παχυτάτης
795 5260 915 5338 δραχμάς
926 5262 997 5318 δέκα·

1089 759 1122 808 Ad
1137 757 1207 806 datus
1217 755 1346 819 praedicant
1355 767 1425 816 agere
1435 754 1497 802 hane
1506 752 1629 800 diutinum

1090 852 1134 896 Per
1148 851 1243 908 tempas
1254 845 1296 906 qrri
1309 844 1423 892 infestant
1435 842 1587 890 stomachum
1602 842 1767 902 praestantius,

1090 936 1125 986 ΑιΙ
1136 935 1250 997 strepitus
1262 933 1374 982 intestina
1385 931 1484 980 adsidue
1496 931 1538 993 qui
1548 930 1657 992 affligunt

1092 1029 1121 1074 et
1133 1025 1213 1072 cotum
1223 1025 1247 1071 et
1258 1026 1381 1081 ventrem;
1393 1021 1472 1070 risam
1483 1019 1555 1070 aden
1567 1019 1665 1068 senibus
1673 1031 1766 1077 amem,

1091 1117 1122 1163 et
1132 1113 1218 1161 morsis
1228 1125 1242 1160 a
1257 1112 1313 1160 teris
1322 1113 1358 1160 est
1368 1109 1504 1159 utilissima.

1092 1202 1232 1252 Antidotum
1243 1201 1279 1249 his
1289 1199 1438 1261 simplicibus
1451 1197 1634 1247 medicamentis
1643 1209 1714 1259 pare:

1093 1290 1218 1353 Cyrenaici
1229 1289 1285 1337 boni
1295 1289 1360 1337 sacci
1370 1287 1446 1336 indito
1456 1286 1606 1346 drachmam,

1094 1377 1183 1427 Deinde
1193 1377 1272 1436 acori,
1285 1378 1358 1439 atque
1365 1376 1475 1436 castorii,
1486 1375 1645 1436 atqucacari‚
1655 1377 1727 1437 atque
1738 1376 1793 1436 pha¹

1094 1470 1122 1516 Et
1133 1465 1279 1514 cardamomi
1294 1463 1391 1514 seminis
1404 1465 1478 1525 atqrre
1486 1476 1628 1524 gemmeas,

1094 1556 1212 1616 Saecique
1222 1554 1324 1614 acaciae,
1337 1553 1539 1615 prasmntissiruae
1549 1551 1629 1612 iridis,

1095 1644 1150 1692 Pari
1160 1643 1285 1705 sagapcai,
1299 1642 1404 1704 hyperici
1415 1654 1460 1690 aec
1471 1655 1520 1690 nou
1534 1641 1623 1690 Cretici

1097 1737 1217 1794 propensa
1226 1732 1296 1780 lance
1308 1731 1398 1790 injicite
1408 1730 1537 1778 drachmas
1546 1729 1621 1790 duas;

1095 1820 1247 1883 Opobalsami
1261 1819 1371 1868 denarios
1383 1821 1432 1867 tres
1445 1818 1535 1878 tucidi;

1095 1909 1157 1959 Ηιιίο
1165 1907 1258 1970 pondus
1268 1907 1362 1969 equata
1373 1905 1505 1956 indendam
1517 1907 1591 1955 etiarn
1603 1905 1696 1968 pspitii,

1096 1999 1199 2059 hibique
1209 1997 1306 2059 piperis,
1320 1995 1466 2058 petroselini,
1478 1988 1577 2044 celticae

1096 2087 1178 2147 Nardi,
1189 2089 1213 2134 et
1224 2086 1312 2148 spicae,
1326 2084 1468 2133 irratabathri
1481 2084 1593 2132 foliorum
1608 2083 1674 2143 nori,

1097 2175 1225 2236 AEthinpici
1236 2188 1282 2223 uec
1295 2188 1343 2223 non
1355 2174 1446 2222 cumini
1456 2173 1568 2232 seminis,

1098 2265 1192 2326 hietque
1203 2264 1378 2324 Athamantici,
1389 2267 1462 2324 atqrre
1473 2262 1564 2310 amomi
1578 2263 1633 2324 post
1645 2261 1714 2320 boni,

1099 2353 1225 2415 Papaveris
1234 2353 1318 2414 succi,
1331 2351 1463 2414 gentianae,
1475 2350 1588 2410 balsami,

1099 2442 1221 2504 cujusque
1234 2455 1308 2504 pones
1319 2441 1447 2490 drachmas
1457 2439 1563 2502 pondere
1572 2442 1695 2502 quattuor,

1100 2533 1230 2581 Guttarum
1243 2529 1344 2592 styracis
1355 2529 1483 2578 drachmas
1497 2529 1582 2590 qrriaas
1595 2531 1619 2577 et
1628 2528 1711 2576 chains

1100 2623 1171 2679 Tres,
1188 2620 1247 2670 costi
1257 2618 1366 2677 candidi,
1377 2618 1492 2677 scenicos,
1505 2617 1640 2680 tautameos,

1101 2709 1227 2770 nigraque
1239 2709 1323 2768 casiae,
1333 2708 1482 2768 singulorum
1494 2707 1584 2755 mittito

1030 2835 1033 2844 .
1102 2797 1216 2846 Denarios
1227 2797 1334 2858 qrriaqae
1343 2796 1404 2844 duos
1413 2796 1498 2843 obolos
1508 2795 1614 2856 insuper,

1102 2887 1173 2934 iunci
1185 2887 1296 2946 rotandi,
1308 2885 1363 2948 polii
1373 2899 1471 2948 auroque
1484 2884 1595 2933 denarios

1103 2975 1249 3030 Qniaostres
1259 2973 1356 3032 obuios,
1369 2972 1485 3021 dictamni
1496 2974 1533 3020 tot
1542 2970 1645 3029 Cretiei;

1104 3063 1204 3124 charitate
1213 3062 1283 3110 dictis
1294 3062 1387 3124 pondus
1399 3065 1467 3124 optat
1476 3059 1578 3118 acontii,

1106 3153 1177 3212 tongi
1188 3151 1289 3213 piperis,
1299 3151 1375 3199 thuris
1383 3153 1406 3198 et
1419 3157 1489 3198 terne
1503 3150 1622 3204 Lemniae.

1105 3239 1208 3301 hiprrhae
1218 3277 1224 3300 ,
1235 3241 1393 3301 glycyrhiaa,
1408 3239 1517 3298 gothani,
1532 3237 1701 3286 terebinthina

1106 3331 1136 3378 st
1144 3329 1265 3390 sanguinis
1276 3328 1333 3376 sicci
1345 3329 1422 3375 anatis
1432 3327 1505 3374 occisi
1516 3339 1615 3383 recens,

1107 3418 1271 3480 opopanacis,
1283 3431 1325 3466 aare
1335 3430 1383 3465 rroa
1394 3415 1500 3464 ioenicuii
1513 3415 1626 3474 seminis,

1107 3507 1279 3568 Siccaramqae
1293 3519 1401 3554 rosarum
1417 3505 1543 3564 sotiorum,
1552 3503 1713 3566 hypocistidos

1108 3597 1219 3660 Expressi
1229 3595 1312 3657 patere
1321 3595 1400 3653 succi,
1412 3590 1498 3641 deiude
1512 3592 1614 3654 agarici,

1110 3687 1232 3747 Daunique
1242 3683 1330 3733 Cretici
1342 3682 1435 3745 prurgati
1445 3682 1557 3742 seminis,

1110 3773 1173 3822 arrisi
1182 3771 1293 3830 seminis,
1306 3769 1393 3829 scinci,
1407 3769 1517 3818 denarios

1110 3859 1272 3911 Medimminis
1283 3859 1401 3920 oniasque
1413 3857 1449 3905 his
1459 3863 1508 3906 tres
1517 3857 1615 3920 pendito
1621 3875 1629 3919 ;

1110 3953 1141 3999 Et
1153 3949 1280 4011 zingiberis
1291 3947 1373 3996 siccati
1384 3947 1443 4008 rite,
1457 3950 1530 4009 atque
1541 3947 1615 4006 croci,

1112 4041 1142 4087 Et
1151 4036 1298 4086 cinnamomi
1306 4038 1406 4084 rrrztonos
1416 4037 1454 4084 iac
1465 4036 1576 4084 denarios
1582 4053 1589 4096 ς

1113 4127 1187 4176 Mettis
1198 4126 1290 4189 probati
1299 4125 1394 4187 pondus
1404 4125 1494 4186 duplex
1509 4124 1586 4174 indito

1114 4219 1213 4266 cunctis
1225 4216 1331 4276 houique
1341 4215 1389 4262 uiuri
1405 4215 1457 4262 chii
1468 4215 1532 4276 qaod
1544 4215 1615 4274 satis,

1114 4307 1205 4355 Falerni
1214 4309 1256 4354 aut
1267 4305 1354 4353 veteris
1365 4303 1508 4352 tantundem
1522 4304 1670 4366 conjungito.

1114 4394 1338 4454 armoricanum,
1349 4395 1454 4441 utaatea
1465 4391 1622 4454 praediximus

1115 4483 1248 4533 Paraadam
1261 4481 1396 4530 antidotum
1407 4481 1547 4541 theriacam
1558 4484 1644 4530 contra
1654 4481 1730 4530 omnis

1116 4573 1205 4623 Eodem
1220 4583 1248 4620 ac
1259 4571 1335 4621 altera
1345 4569 1538 4620 administranda
1548 4573 1585 4620 est
1595 4570 1677 4620 modo.

1115 4753 1150 4798 lta
1165 4749 1321 4810 sangariaihus
1329 4747 1375 4797 alia
1384 4762 1460 4810 qoam
1473 4748 1572 4811 quidam
1583 4748 1711 4812 praedicant

1116 4842 1217 4888 Venena
1230 4836 1346 4886 adversus
1357 4837 1478 4886 cthcacius
1488 4837 1550 4886 dari.

1118 4930 1174 4975 itare
1185 4926 1268 4987 recipit
1280 4927 1397 4974 znuscrini
1410 4927 1466 4975 sirmi
1475 4927 1597 4987 arrigaiais

1117 5015 1248 5064 Draclunas
1257 5014 1325 5075 diras,
1334 5017 1435 5063 aurariam
1450 5017 1488 5064 tot
1498 5015 1637 5074 testudinis,

1119 5107 1178 5152 item
1188 5105 1223 5151 tot
1239 5104 1324 5161 anatis,
1340 5117 1384 5152 neec
1395 5117 1443 5152 non
1459 5103 1522 5152 tradi
1537 5105 1659 5165 sarrguiuis

1118 5191 1237 5253 (Videtur
1248 5195 1329 5240 autern
1345 5192 1431 5240 metior
1440 5192 1519 5241 anatis
1529 5193 1633 5241 imrrriare
1645 5193 1663 5252 ),
1739 5223 1750 5242 .

1119 5283 1208 5330 stacta
1218 5281 1325 5332 arabica
1332 5281 1484 5330 crassissimae
1493 5281 1621 5332 drachmas
1630 5280 1718 5339 docear,

951 5804 1806 6010 -ffj
