3992 6078
116 383 132 436 ,
231 358 285 408 ssa

227 501 266 542 170
279 480 335 542 list
349 485 498 558 γεντιανῆς,
511 484 547 548 ὡς
556 480 619 557 έφην
632 483 684 540 δεῖν
698 481 852 561 προσφέρειν

280 571 342 635 Τοῖς
355 569 555 640 λυσσοδήκτοις,
570 569 616 626 καί
629 569 662 626 τδ
674 569 742 649 λοιφ’
754 573 789 634 ὡς
798 568 905 646 εἴπομεν

281 660 372 716 Ποιεῖν
382 657 423 716 ἐπ’
437 656 549 730 ἐκείνων,
562 663 644 715 ταῦτα
662 657 707 715 καί
718 658 799 716 τοῖσδ’
814 658 938 737 ἁρμόζει,

282 745 365 805 Ὀπόν
380 769 407 803 τε
422 749 569 825 Κυρηναῖον
582 747 668 813 αὐτοῖς
684 746 848 827 προσφέρειν,

280 827 322 894 Ού
333 831 369 910 μὴ
384 835 511 913 παρόντος
522 833 560 907 δέ,
574 835 672 893 διδόναι
683 835 728 892 καὶ
740 835 858 906 Μηδικὸν

229 943 265 981 ιιι
281 919 394 981 ’θόολοῦ
408 922 438 980 τὸ
450 923 547 993 πλῆθος
563 925 618 999 μεθ’
632 923 724 989 ύδατος
739 923 841 980 κυάθων
852 923 935 981 δυοῖν·

281 1010 338 1081 Τῆς
346 1015 481 1089 γεντιανῆς
493 1010 515 1069 δ’
527 1008 586 1070 ὅσον
602 1011 658 1090 ἄγει
673 1011 830 1091 τριώόυλον·

279 1098 366 1166 Χυλδς
375 1097 397 1157 δ’
412 1097 525 1175 ἀμείνων
540 1099 594 1158 ἐστὶ
606 1104 652 1171 τῆς
664 1098 734 1180 ῥίζης
745 1100 822 1160 πολύ.

228 1210 330 1270 (satin.
344 1215 649 1296 insinuassent.
662 1215 671 1276 )

785 349 936 409 ΥΓΙΕΙΝΑ
962 347 1277 408 barbirasium.

1053 492 1083 539 Et
1096 490 1232 552 gentianam
1245 491 1273 538 ut
1284 487 1433 538 rabiosorum
1451 488 1569 538 morsibus

1049 578 1113 628 Jussi
1122 577 1288 627 administrare
1299 575 1432 638 etreliqua,
1442 577 1469 624 ut
1479 577 1636 638 precepimus

1054 673 1082 719 ln
1094 668 1139 716 illis
1154 667 1241 726 lacere,
1252 665 1336 715 eadem
1347 664 1411 727 apud
1424 665 1468 713 lios
1480 678 1578 726 quoque
1587 662 1736 726 congruuni·

1052 763 1206 818 succumque
1219 757 1363 818 cyrenaeum
1373 752 1430 815 ipsis
1443 755 1468 802 et
1482 753 1588 814 porrige;

1052 829 1548 905 siaerr,usarcumiumnsussp0nst

1050 933 1143 984 obolus
1157 945 1219 980 unus
1228 930 1322 980 duobus
1334 942 1390 979 cum
1400 929 1494 992 cyathis
1505 941 1592 992 aqnae,

1049 1024 1081 1072 st
1089 1021 1206 1084 gentianae
1215 1021 1333 1081 quantum
1345 1020 1394 1067 tres
1404 1017 1489 1080 obolos
1500 1018 1589 1078 trabit;

1055 1113 1098 1161 list
1106 1111 1189 1160 annm
1198 1121 1285 1160 succus
1294 1107 1374 1158 multo
1386 1107 1467 1157 radice
1478 1107 1581 1156 melior„

900 1423 1183 1459 -ψ-

682 1612 903 1692 ΥΓΙΕΙΝΑ
932 1611 1387 1692 ΠΑΡΑΓΓΕΛΜΑΤΑ.

278 1796 399 1875 Ὕγιεινᾶ
424 1798 635 1876 παραγγέλματα
659 1797 776 1876 σύντομα
796 1799 1007 1870 Ἀσκληπιάδους
1058 1803 1582 1870 Praeceptasalubriaconbaciaasclepiadis
1595 1805 1648 1854 beo
1656 1807 1717 1854 nunt

280 1888 376 1966 ταῦτα]
389 1885 444 1946 Καί
455 1887 637 1966 Διοσκαρίδους
649 1887 833 1962 μεταδίδοσθαι
843 1886 890 1958 τήν
905 1887 1008 1969 γραφήν
1057 1897 1087 1945 nt
1098 1893 1245 1944 Dioscuridis
1252 1893 1295 1956 qni
1306 1893 1474 1956 jusjurandum
1483 1896 1623 1955 exegerunt,
1635 1896 1664 1943 ut
1675 1895 1838 1942 communim-

753 2033 757 2040 .
806 1975 1008 2056 [ἐξορκισάντων

320 2061 493 2139 Ἀταμιεύτως
504 2061 548 2121 καί
558 2061 603 2120 σύν
614 2065 716 2145 ἀφθόνῳ
731 2066 822 2146 τρόπῳ
833 2089 838 2101 ·

320 2151 355 2212 ‘0
373 2152 424 2230 γδιρ
439 2151 552 2232 φυλάξας
566 2151 611 2210 καί
625 2153 748 2233 κλινήρης
758 2153 793 2213 ὧν
807 2159 919 2238 δραμεῖ,

319 2241 374 2300 Καὶ
390 2239 473 2322 ῥικνὸς
486 2239 621 2298 ένδύσαιτο
635 2245 682 2312 τῆς
696 2245 783 2318 ἀκμῆς
796 2245 873 2322 μέλη.

280 2381 390 2450 Εὐεξίας
402 2382 547 2462 τράπεζαν,
561 2383 583 2439 εἰ
595 2381 686 2453 θέλεις,
705 2383 786 2459 μάθε·

282 2474 338 2541 Τῆς
349 2468 450 2549 ἡμέρας
458 2468 596 2539 δείπνησον
609 2471 645 2536 είς
656 2469 725 2538 ἅπαξ
738 2472 828 2548 μόνον·

282 2558 392 2618 Ἂπλοῦν
408 2557 437 2615 τὸ
451 2558 553 2614 δεῖπνον
568 2558 597 2614 ού
611 2556 773 2635 πολύμικτον
788 2561 867 2638 φίλει.

279 2645 338 2726 Πρὸ
348 2650 395 2703 τοῦ
405 2643 481 2723 κόρου
497 2643 594 2725 βρῶσίν
607 2667 635 2702 τε
647 2645 693 2703 καὶ
704 2646 779 2706 πόσιν
792 2654 868 2719 φύγε.

246 2757 259 2795 π
280 2731 335 2795 Καί
348 2733 502 2812 συμμέτρως
512 2731 629 2810 γύμναζε
643 2733 737 2792 σαυτδν
752 2737 804 2802 τοῖς
818 2739 913 2806 πόνοις.

277 2821 342 2882 Ἐπί
356 2820 389 2879 τᾶ
402 2818 473 2888 δεξιά
485 2819 512 2878 δέ
523 2823 578 2886 τοῖς
591 2817 679 2888 ὕπνοις
691 2824 789 2885 κλόνου.

288 2910 341 2970 Καὶ
356 2909 390 2966 τθι
402 2905 492 2989 ψυχρὰ
503 2909 612 2985 πόματα
627 2913 756 2988 χειμῶνος
767 2911 846 2989 μίσει.

279 2995 337 3068 Τήν
351 2995 495 3075 κρανιακὴν
507 2997 585 3072 τέμνε
599 3000 636 3078 τῷ
651 2998 718 3077 θέρει
733 2998 831 3079 φλέόα·

278 3084 335 3157 Τὴν
347 3084 459 3144 καθόλου
472 3085 498 3142 δὲ
512 3093 564 3150 τοῖς
575 3087 684 3165 ψυχροῖς
697 3089 796 3161 μᾶλλον
810 3090 920 3169 χρόνοις·

239 3193 263 3233 io
278 3171 337 3233 Ιίδιν
351 3163 382 3251 ᾖς
398 3173 425 3230 έν
438 3172 525 3250 άκμῇ,
543 3175 589 3242 τῆς
604 3172 714 3244 σελήνης
729 3175 755 3231 έν
768 3176 861 3255 φθίσει·

278 3259 325 3320 Ἂν
337 3261 359 3317 δ’
372 3257 535 3336 ὑπέρακμος,
549 3262 630 3330 τῆσδε
643 3259 673 3319 ιδ
688 3265 786 3342 πλῆρες
799 3266 908 3341 σκόπει,

281 3347 336 3409 Καὶ
349 3345 475 3426 γαστέρος
490 3347 599 3405 κένωσιν
611 3351 642 3407 ἐκ
652 3353 704 3407 τῶν
716 3352 867 3427 σκυόάλων,

277 3435 316 3497 Τό
331 3435 355 3494 τ’
366 3434 480 3510 δκριόῶς
494 3435 586 3514 ἄδιψον
601 3437 709 3516 ἄπικρον
725 3441 821 3518 στόμα,

278 3528 343 3604 Χρῶ
354 3522 400 3582 καὶ
412 3527 525 3601 λοετροῖς
540 3526 726 3605 ἀσφαλεστάτη
740 3528 838 3606 κρίσει,

240 3635 263 3672 ts
278 3616 389 3692 Συχνοῖς
402 3611 458 3686 μέν,
472 3610 502 3668 ἂν
514 3612 628 3690 ἔσχήκῃς
642 3615 782 3694 αὐχμηρὰν
797 3620 910 3678 πλάσιν·

277 3702 323 3761 Ἂν
341 3699 368 3758 δέ
379 3699 535 3776 πλαδῶσαν,
547 3701 656 3759 σπάνιον
671 3703 717 3761 καί
732 3702 779 3761 σὺν
793 3706 888 3789 χρόνῳ·

203 3825 207 3835 ·
283 3787 340 3848 Κᾶν
351 3779 382 3868 ᾖς
394 3790 419 3846 ἐν
432 3790 518 3867 ἀκμῇ,
533 3793 579 3856 τῆς
592 3789 701 3862 σελήνης
715 3794 741 3849 έν
755 3794 848 3871 φθίσει·

277 3873 323 3936 Ἂν
335 3877 357 3934 δ’
369 3875 537 3955 ὑπέρακμος,
552 3877 632 3948 τῆσδε
645 3878 675 3936 τὸ
687 3881 785 3958 πλῆρες
797 3884 903 3956 σκόπει,
945 3911 949 3916 ·

184 3971 186 3974 ’
276 3965 360 4045 Τήρει
377 3988 405 4024 τε
415 3963 526 4045 γαστρὸς
541 3965 680 4044 έκφόρησιν
692 3967 737 4025 καί
753 3969 838 4045 στόμα

238 4075 264 4114 20
279 4052 375 4134 Δίψους
389 4052 523 4129 ἄγευστον,
536 4055 557 4110 εἰ
568 4052 614 4111 καί
626 4053 663 4130 μή
679 4077 708 4130 γε
721 4056 836 4136 πικρίας.

276 4141 315 4202 Τὸ
331 4145 408 4217 σῶμα
420 4141 504 4200 θάλπε
519 4141 639 4220 χλανίσιν
653 4145 679 4200 ἐν
691 4147 729 4224 τῷ
743 4146 838 4226 ψύχει,

277 4228 332 4288 Καὶ
343 4228 390 4300 τήν
407 4228 533 4310 κεφαλήν,
545 4221 583 4297 οἷς
596 4229 669 4307 ἔθος,
684 4232 729 4290 καί
743 4233 801 4299 τοὺς
813 4237 908 4308 πόδας,

195 4335 202 4350 ·
280 4316 355 4388 Πλὴν
369 4317 417 4386 τδις
431 4318 541 4397 σισύρας
552 4325 629 4401 φεῦγε
641 4319 687 4379 καί
701 4321 798 4381 τούτων
811 4324 887 4397 ζέσιν,

278 4403 332 4464 Καί
347 4408 447 4481 μᾶλλον
462 4399 514 4464 οἷαι
528 4408 695 4489 λασιότριχες
710 4411 799 4471 πλέον.

237 4512 262 4550 25
281 4491 334 4551 liat
344 4493 427 4561 οἰκίας
441 4493 542 4554 ἔκκλινε
556 4497 750 4577 δυσωδεστέρας

276 4579 329 4638 Ἂεί
342 4604 371 4640 τε
382 4581 428 4640 καὶ
439 4584 553 4660 μάλιστα
566 4586 700 4662 καύματος
711 4588 807 4670 χρόνῳ·

277 4667 353 4727 Μετὰ
365 4673 422 4728 θεοῦ
435 4671 486 4752 γάρ
500 4673 599 4741 τούτοις
613 4678 730 4756 ἐκφυγεῖς
742 4679 839 4746 νόσους.

277 4759 396 4833 Χειμῶνι
407 4765 522 4839 χρῆσθαι
537 4763 664 4845 συμφέρει
678 4769 784 4835 πολλοῖς
799 4767 900 4842 κόποις,

277 4848 395 4926 Τροφαῖς
408 4845 437 4906 τε
449 4852 560 4920 πολλαῖς
574 4855 620 4912 καί
631 4855 818 4932 γινωσκούσαις
834 4857 918 4937 κόρον.

236 4955 262 4993 su
277 4937 364 5010 Σῶμα
378 4941 469 4994 κενοῦν
482 4937 557 5017 ἔαρος
572 4943 662 5020 ἐχρῆν,
678 4946 712 5009 ὡς
727 4945 819 5017 θελεις,

275 5018 376 5100 Ἤγουν
390 5023 502 5100 ἐμέτοις,
515 5026 594 5102 ἤγουν
609 5032 720 5110 γαστρὸς
733 5033 848 5110 ε’κρόσει,

274 5108 338 5172 Είτε
352 5111 446 5193 φλεόδς
459 5119 528 5192 τομῇ
541 5138 569 5173 τε
584 5115 629 5174 καὶ
644 5118 737 5197 λύθρου
753 5122 854 5197 βλύσει.

1623 1981 1713 2046 [retur
1728 1984 1839 2044 scnplura

1085 2070 1142 2121 Sine
1155 2070 1304 2134 parcimonia
1317 2073 1342 2120 et
1355 2072 1436 2120 mente
1449 2071 1658 2134 invidiacarente;

1086 2161 1133 2218 Qui
1147 2161 1211 2210 enim
1226 2161 1278 2209 limo
1290 2161 1384 2222 servat,
1394 2162 1485 2222 curret,
1496 2159 1591 2209 etiamsi
1600 2159 1664 2209 lecto
1676 2159 1810 2222 lenmetur,

1085 2250 1118 2297 nt
1125 2247 1293 2298 adolescentiae
1302 2248 1385 2298 induret
1394 2248 1513 2309 membra,
1523 2247 1619 2298 etiarnsi
1627 2249 1780 2300 incurvatus.

1057 2386 1165 2434 Mensam
1175 2385 1268 2434 bonnm
1279 2385 1390 2436 habitum
1398 2385 1568 2435 conciliantem
1579 2385 1679 2447 nivelle,
1689 2386 1749 2436 audi
1761 2405 1768 2435 ι

1055 2473 1148 2532 Quoris
1159 2473 1198 2523 die
1208 2474 1282 2524 semel
1294 2476 1389 2524 tantum
1399 2487 1483 2535 coena;

1054 2561 1196 2625 smplicem
1203 2575 1306 2624 asenam
1320 2577 1368 2613 non
1379 2563 1474 2613 variam
1486 2576 1551 2612 arua.

1056 2651 1192 2711 Antequam
1207 2653 1275 2702 satur
1286 2652 1327 2711 sis,
1339 2651 1421 2701 cibum
1433 2665 1463 2701 ac
1475 2655 1560 2714 potuim
1572 2652 1635 2715 iuge.

1055 2743 1086 2790 ut
1095 2739 1217 2790 moderate
1230 2741 1340 2803 teipsum
1348 2740 1472 2790 laboribus
1480 2753 1575 2791 exerce.

1056 2829 1107 2878 sub
1118 2841 1204 2878 somno
1211 2829 1236 2879 in
1245 2828 1332 2878 dextro
1341 2830 1415 2879 latere
1424 2830 1547 2880 recumbe.

1055 2917 1087 2966 lli
1096 2916 1192 2979 trigidae
1200 2917 1403 2980 potionssbyeme
1414 2917 1468 2966 odi.

1055 3005 1207 3068 cephaliam
1216 3019 1304 3055 venam
1314 3007 1398 3055 aestate
1407 3004 1501 3065 incide,

1055 3095 1195 3144 Genermem
1207 3107 1265 3145 vero
1275 3093 1355 3156 poliam
1363 3096 1474 3154 tempore
1486 3094 1586 3157 lrigido;

1055 3183 1134 3244 Atque
1145 3181 1249 3231 silueris
1260 3181 1284 3231 in
1297 3181 1402 3232 culmine
1413 3181 1486 3242 vilre,
1501 3181 1560 3231 luna
1569 3183 1736 3247 decrescente;

1055 3271 1147 3321 sivero
1161 3270 1186 3320 id
1195 3273 1378 3334 praetergressus
1388 3271 1476 3333 meris,
1491 3272 1649 3334 plenilunium
1658 3272 1759 3336 dispice,

1056 3359 1096 3410 Utl
1105 3363 1130 3409 et
1141 3359 1232 3408 ventris
1244 3360 1413 3408 vacuationem
1424 3373 1438 3408 a
1451 3359 1562 3420 faecibus,

1055 3451 1105 3498 Nec
1114 3460 1163 3496 non
1172 3459 1200 3496 os
1209 3447 1261 3497 sitis
1272 3449 1296 3498 et
1304 3447 1420 3497 amatoris
1431 3447 1463 3496 ad
1473 3448 1589 3497 amussim
1602 3461 1698 3512 expers.

1055 3537 1129 3587 Utere
1142 3538 1167 3585 et
1175 3535 1268 3585 balneis
1277 3535 1409 3586 certissimo
1416 3535 1523 3598 jndicio,

1056 3625 1152 3677 crebris
1161 3623 1271 3686 quidem,
1279 3625 1300 3674 si
1309 3625 1420 3674 habueris
1431 3625 1630 3676 constitutionem
1641 3627 1750 3691 aridam

1054 3714 1086 3763 st
1097 3711 1238 3775 aluvidem,
1249 3725 1304 3762 raro
1313 3714 1338 3762 et
1347 3714 1462 3775 temporis
1470 3715 1548 3776 spatio
1558 3714 1700 3778 interjecto;

1055 3802 1133 3862 Atque
1142 3799 1162 3850 si
1172 3800 1245 3850 tueris
1255 3800 1280 3848 iu
1292 3800 1399 3850 eulmine
1410 3801 1482 3862 ritae,
1493 3802 1551 3852 luna
1560 3801 1730 3866 decrescente;

1054 3887 1079 3939 Si
1090 3887 1181 3939 veroid
1191 3890 1373 3951 praetergressus
1385 3889 1472 3952 lucris,
1482 3891 1645 3953 plenilunium
1654 3892 1758 3956 displco;

1054 3980 1128 4027 serva
1138 3978 1163 4026 et
1176 3977 1266 4028 ventris
1275 3977 1420 4040 egestionem
1433 3981 1458 4028 ct
1468 3992 1495 4029 os

1054 4065 1110 4116 sitis
1121 4078 1220 4128 expers,
1229 4066 1248 4114 si
1261 4068 1326 4116 nerle
1338 4079 1472 4117 amarorem
1483 4068 1561 4118 vilare
1571 4082 1618 4118 non
1632 4070 1711 4120 liceat.

1054 4157 1147 4217 Corpus
1157 4155 1211 4204 love
1222 4154 1285 4204 laeua
1293 4155 1397 4205 tenuiori
1411 4156 1457 4205 sub
1472 4158 1571 4220 trigore'.

1054 4250 1162 4297 Necnon
1174 4251 1262 4309 eaput,
1271 4249 1301 4296 iis
1311 4248 1398 4296 saltem
1409 4249 1451 4310 qni
1461 4249 1554 4311 solent,
1567 4251 1591 4300 et
1606 4250 1691 4313 pedes,

1053 4339 1144 4384 Verum
1155 4337 1263 4399 paenulas
1275 4336 1471 4398 ingenuumque
1481 4338 1585 4386 calorem

1054 4426 1084 4475 ni
1098 4425 1204 4475 maxime
1218 4438 1274 4487 quae
1288 4425 1426 4482 hirsutiores
1437 4427 1502 4475 suut.

1053 4516 1144 4562 Domos
1157 4511 1314 4574 quoquevita
1328 4511 1395 4574 peius
1405 4513 1514 4576 olentes,

1052 4606 1152 4665 Semper
1161 4599 1274 4663 quidem,
1287 4603 1313 4650 at
1324 4601 1430 4651 maxime
1441 4604 1515 4651 essm
1526 4603 1649 4666 tempore3

1053 4695 1103 4742 Deo
1113 4691 1177 4740 enim
1186 4690 1286 4750 iuvante
1296 4690 1331 4739 sic
1340 4690 1440 4752 eilanes
1448 4691 1555 4740 morbos.

1053 4783 1144 4843 llycme
1152 4779 1188 4828 nti
1198 4779 1291 4829 coniert
1303 4779 1386 4830 multis
1397 4779 1529 4842 laboribus,

1053 4872 1082 4918 lit
1092 4867 1214 4917 alimentis
1225 4867 1307 4918 multis
1320 4869 1505 4932 satietatemque
1513 4881 1562 4918 non
1578 4870 1746 4921 recusantibus

1052 4960 1113 5006 Vere
1123 4969 1211 5018 corpus
1219 4969 1322 5005 vacuare
1333 4958 1428 5018 oportet
1439 4970 1488 5019 qno
1501 4957 1574 5006 morlo
1587 4959 1636 5020 vis.

1051 5049 1096 5094 seu
1106 5045 1213 5106 uomitu,
1225 5045 1277 5094 sive
1285 5045 1375 5094 ventris
1384 5044 1465 5105 iluru,

1050 5135 1099 5183 ,lut
1108 5146 1176 5184 venae
1185 5132 1292 5184 sectione
1301 5137 1327 5184 et
1338 5135 1431 5185 cruoris
1439 5135 1594 5198 scaturigine.
