3992 6078
301 434 333 476 n
472 383 475 392 ’
670 439 673 448 ‚
993 412 1211 473 euaristo.

298 557 412 623 raptos,
439 552 488 599 aut
516 543 558 598 rei
585 540 760 600 scholasticae
787 541 966 600 incrementa
992 542 1086 600 bomi-

298 653 385 704 num,
401 649 490 710 penes
501 649 574 706 quos
587 629 677 687 bodie
690 631 821 707 potentia
832 643 890 702 est,
905 631 1027 689 arbitrio
1041 632 1084 688 in·

297 734 433 799 tercepta.
451 717 510 777 Nec
527 719 648 776 taedebat
660 718 847 792 adversariis,
863 739 937 795 quos
958 721 989 778 in
1001 739 1084 796 gym-

298 813 445 868 nasiorum
460 807 619 886 quaestione
637 820 774 885 expertus
789 827 883 880 eram,
907 809 1082 881 ostendisse,

296 918 396 957 eorum
412 903 572 965 armorum,
588 897 735 972 qnaeolim
753 895 919 954 Hermanno
936 897 1008 955 duce
1027 911 1084 955 tra·

296 1001 373 1046 ctare
387 985 562 1060 didiceram,
578 1003 663 1042 usum
683 985 813 1041 nondum
828 1005 874 1042 me
896 986 1077 1063 deposuisse.

296 1076 340 1134 lta
361 1094 414 1152 per
434 1074 564 1151 quinque
585 1091 674 1131 sexve
695 1092 1016 1150 menses„quamquam
1032 1076 1083 1132 do·

297 1164 415 1222 mestica
424 1163 544 1240 insuper
558 1161 639 1220 clade
651 1161 822 1236 gravissime
836 1175 968 1233 vexatus,
983 1161 1083 1222 sedulo

297 1253 342 1311 his
362 1250 541 1310 carminibus
559 1248 744 1308 recensendis
765 1269 883 1328 operam
907 1251 999 1308 dedi:
1025 1272 1084 1328 quo

296 1341 411 1414 labore,
436 1338 580 1417 quidquid
591 1349 733 1413 praestare
752 1335 841 1417 potui
854 1339 886 1394 in
909 1338 964 1395 hoc
983 1357 1083 1396 rerum

296 1443 386 1502 statu,
408 1447 584 1506 quamquam
605 1425 772 1504 praestitisse
790 1445 835 1482 me
853 1427 985 1484 conscius
1010 1427 1085 1498 mihi

295 1539 373 1590 sum,
390 1531 485 1575 nmen
508 1515 594 1573 etiarn
616 1527 704 1591 atque
722 1513 809 1572 etiam
829 1513 971 1572 benevola
987 1514 1084 1590 legen·

295 1609 367 1666 tium
380 1602 739 1681 veniamibiimploranda
747 1615 801 1676 est,
811 1623 901 1680 quum
912 1606 1002 1662 multa
1012 1623 1030 1661 a
1039 1623 1085 1661 me

296 1709 344 1756 aut
362 1694 559 1775 praetermissa
572 1706 691 1751 autnon
710 1705 788 1750 recte
807 1691 1008 1750 administrata
1021 1713 1083 1751 esse

295 1806 340 1845 me
363 1804 423 1844 non
450 1785 545 1841 lateat.
572 1785 645 1839 Nam
673 1792 706 1838 ut
732 1793 840 1841 taceam
866 1781 1007 1856 temporis
1033 1801 1083 1838 an·

296 1875 420 1951 gustias,
445 1871 482 1930 ad
506 1889 609 1928 nranus
634 1867 707 1927 mibi
730 1887 785 1948 per
807 1869 948 1946 majorem
969 1871 1084 1946 angusti

294 1961 382 2041 hujus
407 1959 548 2038 temporis
570 1971 682 2035 partem
704 1956 779 2015 nibil
802 1977 924 2037 prorsus
942 1969 1003 2015 erat
1025 1959 1083 2018 nisi

294 2051 357 2126 ipse
368 2047 518 2119 lllanetbo‚
534 2065 624 2123 quum
636 2043 707 2103 libri
726 2046 784 2102 mei
803 2058 869 2103 ante
891 2046 945 2104 hos
967 2047 1082 2104 demum

294 2138 368 2196 duos
379 2155 493 2195 menses
514 2135 551 2193 ad
576 2153 622 2192 me
644 2133 801 2192 transmitti
825 2135 1003 2210 potuissent3
1032 2135 1083 2194 alii

294 2239 404 2296 autern,
431 2222 540 2302 quibus
558 2223 606 2281 vel
630 2223 757 2280 maxime
780 2242 855 2300 opus
871 2223 944 2280 mibi
966 2224 1082 2296 fuisset,

295 2335 348 2373 nec
364 2314 397 2373 in
411 2312 484 2370 meis
497 2324 594 2383 erant,
608 2330 660 2369 nec
682 2309 801 2368 aliunde
819 2311 982 2387 comparari
1001 2325 1083 2392 poto·

294 2416 378 2478 rant,
392 2420 429 2460 ex
441 2398 549 2476 quibus
563 2400 689 2457 maxime
703 2398 788 2457 doleo
802 2399 882 2475 quod
904 2420 956 2458 nec
971 2403 1081 2457 Salma-

293 2499 328 2548 sr'r'
340 2492 426 2564 liber,
440 2508 526 2566 quem
544 2487 595 2546 ille
607 2487 643 2546 de
654 2493 737 2545 annis
747 2491 940 2544 clianactericis
950 2490 1080 2568 scripsit,

294 2600 347 2638 nec
368 2583 494 2637 Materna·
514 2580 627 2634 Firmici
648 2575 810 2634 Matheseos
831 2576 903 2634 libri
923 2589 989 2634 octo
1010 2578 1083 2637 mihi

293 2666 440 2746 patebant.
455 2664 567 2742 Neque,
578 2684 664 2740 quern
679 2663 789 2722 librum
804 2663 975 2723 needitores
987 2665 996 2742 (
1010 2686 1040 2744 p.
1051 2687 1083 2724 rx

294 2770 355 2816 not.
368 2757 376 2834 l
388 2755 507 2831 quidem
516 2752 663 2831 inspicere
676 2765 829 2830 poterant,
843 2772 910 2811 eum
917 2773 971 2829 ego
981 2767 1082 2812 nactus

294 2865 376 2917 sum,
398 2843 450 2921 qui
476 2841 636 2919 inscriptus
657 2853 700 2898 est
723 2843 861 2916 :Ruperti
888 2855 917 2898 et
939 2844 1082 2900 Schucha-

294 2933 372 2992 horst
398 2935 490 2990 Neues
515 2929 656 3004 Maga'ein
679 2928 736 3000 fu'r
765 2931 956 2999 Schullekrer,
989 2933 1081 3009 1793,

294 3020 334 3093 ll,
356 3019 382 3095 l,
401 3040 431 3097 p.
450 3039 488 3096 99
501 3038 568 3097 sqq.
590 3016 637 3075 lbi
663 3015 829 3092 Zieglerum
851 3019 887 3076 de
908 3017 1082 3078 Manethone

294 3108 469 3168 scribentem
482 3105 644 3184 'ryrwhitti
656 3105 778 3180 vestigia
788 3118 916 3164 secutum
933 3125 996 3164 esse
1007 3105 1079 3164 dicit

294 3195 497 3272 bernhardyus
513 3195 534 3252 l.
553 3215 579 3255 c.
597 3193 675 3264 Quas
689 3193 738 3252 hic
750 3195 813 3252 illic
827 3197 972 3252 [erronne'r'
984 3215 1081 3254 ernen-

294 3285 425 3343 dationes
436 3283 679 3354 commemoravi,
695 3282 779 3340 hausi
792 3303 829 3340 ex
843 3283 1004 3361 exemplari
1019 3285 1081 3342 edi·

294 3373 383 3432 tionis
395 3371 611 3444 Gronovianae,
627 3372 706 3448 quod
720 3372 791 3429 olim
801 3372 866 3449 ejus
883 3373 942 3430 viri
952 3373 1081 3431 eminen-

294 3461 401 3520 tissimi
422 3473 499 3533 erat,
526 3479 604 3517 nunc
618 3473 662 3517 est
680 3459 806 3517 Firmini
828 3460 926 3518 Didot.
948 3459 1003 3518 Sed
1020 3461 1081 3537 jam

294 3550 330 3608 ad
345 3569 407 3609 rem
422 3548 517 3627 ipsam
529 3547 645 3606 accedo.

334 3641 430 3718 Atque
442 3650 476 3696 ut
491 3637 620 3715 primum
639 3636 710 3713 quid
724 3636 855 3714 judicem
877 3637 914 3696 de
931 3635 1081 3695 Manetho-

294 3730 488 3805 nianisquam
497 3725 1083 3803 brevissimecomprebendam,babemus

295 3818 326 3876 in
340 3817 378 3875 iis
388 3816 487 3895 primo
503 3833 621 3872 carmen
631 3833 722 3871 unum
738 3825 766 3872 et
781 3815 951 3872 continuum
967 3827 995 3872 et
1007 3815 1016 3893 (
1027 3815 1082 3874 nisi

296 3907 368 3963 forte
383 3902 522 3985 prooemii
538 3901 670 3979 quaedam
684 3902 837 3976 perierunt
850 3904 858 3976 )
870 3903 999 3980 exceptis
1010 3923 1082 3981 pau·

295 3995 337 4052 cis
350 3992 526 4072 quibusdam
541 3991 701 4070 parvisque
717 3989 847 4060 lacunis,
867 4011 992 4066 prorsus
1010 3993 1083 4050 inte·

294 4103 391 4159 grum,
403 4093 539 4140 constans
552 4079 626 4138 illud
638 4081 715 4136 libris
725 4077 765 4150 ll,
782 4078 836 4150 lll,
851 4095 878 4136 et
887 4079 937 4152 Vl,
950 4101 1025 4158 quos
1038 4083 1083 4140 in·

296 4184 339 4230 ter
349 4191 380 4230 se
387 4170 555 4230 simillimos
566 4181 596 4227 et
607 4167 644 4226 ab
656 4189 715 4227 uno
727 4182 813 4247 poeta
826 4169 971 4246 profectos
982 4191 1083 4247 quam·

295 4280 381 4338 quam
390 4258 615 4336 rectepostremi
624 4257 749 4316 editores
761 4257 979 4330 intellexerunt,
988 4271 1083 4319 tamen

295 4350 434 4408 carminis
452 4361 625 4427 perpetuum
645 4347 726 4404 filum
744 4367 839 4423 neque
858 4348 915 4425 ipsi
932 4362 1084 4406 senserunt

295 4455 389 4512 neque
403 4438 499 4495 inesse
515 4434 582 4493 aliis
595 4448 809 4513 persuaserunt.
821 4433 967 4494 Habemus
979 4436 1084 4495 deinde

294 4525 438 4583 inclusum
462 4527 533 4581 libro
551 4537 650 4600 quarto
669 4523 792 4580 alterum
809 4543 944 4596 carmen,
967 4523 1004 4581 ab
1025 4524 1083 4582 alio

294 4629 387 4688 eoque
400 4612 564 4670 recentiore
573 4623 692 4668 auctore
699 4612 905 4686 compositum,
921 4624 949 4668 et
965 4611 1083 4688 quidem

295 4699 388 4758 autad
402 4700 514 4779 prioris
523 4700 676 4770 carminis,
689 4699 768 4776 quod
778 4699 1081 4777 probabiliusputem,

295 4799 345 4844 aut
363 4786 399 4847 ad
413 4787 589 4863 antiquioris
604 4787 769 4860 cujusdam,
785 4787 862 4844 unde
880 4788 955 4846 illud
967 4808 1084 4866 quoque

295 4875 396 4946 lluxit,
410 4875 603 4933 imitationem
616 4895 798 4953 expressum,
817 4877 868 4934 sed
883 4875 957 4934 illud
967 4889 996 4934 et
1009 4879 1082 4935 mul·

295 4965 332 5022 tis
344 4962 478 5042 partibus
487 4963 651 5022 mutilatum
662 4976 691 5022 et
700 4966 731 5022 in
743 4983 841 5024 rerum
854 4965 930 5023 serie
939 4963 1083 5023 locorum·

295 5073 352 5130 que
373 5051 477 5109 ordine
502 5049 667 5124 turbatum,
691 5053 813 5111 fortasse
838 5054 925 5111 etiam
950 5053 998 5110 bic
1022 5053 1083 5112 illic

294 5141 510 5218 interpolatum.
523 5139 878 5219 llabemusdeniqueduas
886 5143 1081 5214 collectiones,

296 5251 418 5305 quarunt
435 5227 526 5286 altera
541 5248 632 5305 eaque
644 5231 746 5287 irrelior
757 5240 882 5306 prtinus,
901 5232 991 5287 altera
1005 5239 1084 5304 quiu-

1131 557 1173 598 rus
1199 545 1273 600 liber
1295 540 1489 614 inscribitur,
1521 561 1537 600 a
1560 541 1674 601 duobus
1702 543 1879 605 hominibus
1897 563 1924 606 et

1131 631 1297 706 ignorantia
1317 643 1477 689 metrorum
1500 632 1704 708 sermonisque
1728 635 1820 707 graeci
1839 648 1869 691 et
1887 637 1925 692 in·

1132 720 1210 795 genii
1223 733 1344 798 stupore
1357 719 1517 778 simillimis
1533 720 1635 790 lactas,
1652 719 1766 798 quibus
1782 723 1924 781 diversis·

1131 809 1271 866 simorum
1283 821 1434 886 poetarum
1448 808 1606 884 fragmenta
1617 821 1646 865 et
1655 810 1924 868 insulsissimornm

1132 895 1378 968 versificatorum‚
1392 916 1468 972 quos
1480 896 1597 954 eosdem
1616 917 1682 954 cum
1699 899 1924 976 excerptoribus

1130 1005 1190 1043 esse
1202 997 1316 1062 putem,
1330 985 1416 1042 foetus
1424 988 1619 1056 continentur,
1632 985 1715 1043 nullo
1725 985 1785 1043 nisi
1798 999 1925 1044 externa

1131 1073 1281 1150 cujusdam
1296 1093 1395 1132 rerum
1414 1073 1625 1149 nominumque
1639 1073 1849 1132 similitudinis
1862 1077 1924 1134 vin·

1130 1163 1196 1220 culo
1211 1162 1393 1220 cohaerentia.

1172 1249 1210 1307 Ut
1220 1251 1279 1324 jam
1299 1251 1336 1310 ad
1348 1258 1432 1328 prius
1446 1271 1560 1307 carmen
1581 1251 1732 1322 accedam,
1756 1251 1839 1328 quod
1859 1253 1924 1330 jure
1983 1247 1984 1262 ³

1131 1351 1230 1395 nostro
1249 1340 1281 1396 in
1298 1339 1352 1397 hac
1373 1339 1501 1397 editione
1522 1342 1651 1417 primum
1670 1339 1768 1397 locum
1790 1341 1923 1400 obtinere

1127 1428 1277 1499 jussimus,
1288 1428 1409 1486 retentis
1414 1440 1511 1485 tamen
1518 1441 1639 1507 propter
1644 1427 1787 1486 lectorum
1794 1451 1920 1488 commo-

1130 1515 1248 1574 ditatem
1256 1517 1403 1575 veteribus
1415 1514 1561 1574 librorum
1573 1516 1705 1573 numeris
1717 1537 1724 1572 ε
1736 1515 1800 1592 jam
1808 1520 1921 1592 priores

1131 1606 1225 1662 critici
1248 1624 1309 1662 non
1331 1603 1435 1662 dubito
1459 1605 1531 1680 quin
1557 1603 1593 1662 ad
1618 1603 1742 1662 eandem
1767 1605 1920 1664 nobiscum

1130 1693 1300 1770 opinionem
1310 1693 1529 1768 pervenissent,
1546 1693 1676 1750 animum
1692 1693 1724 1750 in
1736 1693 1920 1768 singulorum

1130 1802 1267 1840 versuum
1284 1793 1312 1839 et
1325 1780 1485 1840 verborum
1498 1785 1668 1839 tractatione
1688 1781 1779 1840 nimis
1793 1781 1920 1842 defixum

1129 1872 1151 1927 si
1164 1872 1198 1928 ad
1212 1873 1380 1929 universum
1395 1871 1536 1930 carminis
1555 1869 1697 1928 ambitum
1713 1883 1743 1928 et
1757 1874 1920 1948 argumenti

1130 1960 1350 2017 continuitatem
1362 1959 1577 2035 inspiciendam
1589 1958 1636 2015 vel
1650 1956 1747 2017 obiter
1760 1963 1919 2019 convertis·

1130 2061 1203 2104 sent.
1217 2047 1251 2105 ld
1266 2049 1370 2106 vitium
1378 2091 1387 2120 ,
1402 2048 1471 2105 satis
1487 2067 1642 2105 commune
1659 2045 1756 2104 adhuc
1770 2050 1851 2126 apud
1863 2049 1921 2126 pbi-

1130 2137 1240 2212 lologos
1248 2135 1311 2212 ejus
1320 2139 1442 2212 genet·i3‚
1458 2135 1537 2212 quod
1548 2121 1654 2191 strictae
1662 2139 1850 2192 observantiae
1857 2137 1919 2194 bar·

1129 2223 1229 2282 barico
1246 2225 1366 2282 nomine
1382 2224 1524 2302 appellari
1537 2223 1614 2281 haud
1633 2237 1765 2297 recusat,
1781 2227 1868 2283 etiam
1891 2231 1919 2284 in

1129 2313 1302 2371 lllanethone
1317 2314 1504 2370 commissum
1517 2332 1579 2370 esse
1589 2332 1623 2370 eo
1639 2313 1733 2388 magis
1742 2313 1854 2371 mirum
1868 2331 1917 2386 est,

1129 2403 1209 2478 quod
1225 2403 1275 2459 via
1298 2401 1382 2479 quasi
1404 2402 1496 2477 digito
1515 2403 1741 2460 commonstrari
1764 2403 1918 2463 videbatur

1129 2511 1182 2569 per
1196 2492 1247 2549 illa
1258 2505 1426 2564 argumenta
1436 2511 1542 2566 graeca
1561 2512 1627 2566 quae
1638 2493 1685 2548 leis
1697 2495 1766 2548 solis
1779 2497 1866 2550 tribio
1885 2500 1917 2549 li-

1129 2583 1184 2636 bris
1191 2579 1310 2658 praelixa
1320 2599 1375 2657 pro
1386 2578 1567 2636 validissimo
1573 2592 1641 2636 sunt
1650 2594 1825 2655 argumento
1832 2597 1917 2640 exter·

1128 2690 1173 2738 no,
1195 2687 1245 2725 eos
1258 2669 1338 2744 ipsos
1350 2667 1440 2725 libros
1452 2666 1513 2744 jam
1533 2667 1570 2724 ab
1582 2668 1713 2744 antiquis
1723 2667 1859 2728 librariis
1868 2693 1917 2750 pro

1128 2777 1188 2814 uno
1200 2775 1323 2834 corpore
1342 2754 1456 2812 habitos
1469 2774 1542 2812 esse.
1565 2755 1668 2832 ltaque
1686 2775 1721 2812 eo
1741 2759 1837 2833 magis
1851 2781 1916 2836 gan-

1128 2845 1255 2901 dendum
1273 2856 1327 2916 est,
1344 2843 1422 2921 quod
1437 2843 1606 2921 quicunque
1621 2844 1777 2903 nasutulus
1790 2861 1841 2904 aut
1863 2848 1917 2905 ine·

1127 2934 1224 3008 ptiens
1248 2932 1346 2990 scriba
1369 2932 1497 3008 pristino
1516 2932 1622 2990 borum
1644 2932 1791 2992 librorum
1817 2937 1917 2994 ordine

1128 3039 1230 3077 everso
1240 3021 1440 3078 diversissima
1450 3020 1533 3096 quasi
1546 3019 1677 3097 ejusdem
1688 3023 1821 3080 auctoris
1835 3044 1916 3082 inser

1128 3108 1220 3166 libros
1231 3109 1347 3180 divisit,
1360 3108 1437 3166 idem
1449 3121 1545 3167 tamen
1556 3121 1668 3166 tantum
1685 3109 1842 3186 religionis
1852 3115 1917 3171 reti-

1129 3197 1208 3267 nuit,
1229 3209 1261 3253 ut
1282 3209 1451 3272 argumenta
1470 3197 1522 3254 illa
1538 3196 1668 3274 abjicere
1690 3197 1837 3272 noluerit;
1856 3221 1915 3258 nam

1128 3285 1239 3343 similia
1251 3287 1354 3342 ceteris
1372 3284 1474 3354 libris,
1487 3288 1648 3362 praesertim
1661 3297 1768 3362 quarto
1779 3287 1914 3358 distorto,

1128 3375 1302 3452 praemittere
1316 3373 1363 3430 vel
1375 3373 1631 3450 ingeniosissimus
1646 3394 1707 3450 non
1718 3375 1867 3440 valuisset.

1168 3461 1222 3520 Sed
1244 3463 1286 3537 si,
1309 3476 1546 3536 argumentorum
1569 3463 1702 3537 vestigiis
1735 3465 1822 3539 quasi
1849 3466 1916 3524 insi-

1129 3561 1246 3626 stentes,
1255 3551 1290 3607 ad
1299 3570 1415 3608 carmen
1423 3551 1519 3628 ipsum
1529 3550 1708 3628 accedimus,
1720 3551 1856 3612 videmus
1864 3567 1913 3612 tam

1129 3651 1224 3712 aptam
1245 3657 1308 3696 esse
1329 3651 1417 3714 atque
1436 3638 1678 3715 circumspectam
1697 3657 1798 3698 rerum
1820 3642 1912 3722 dispo

1129 3725 1276 3798 sitionem,
1288 3739 1346 3783 tam
1354 3727 1454 3784 omnia
1462 3725 1539 3784 bene
1549 3726 1705 3796 cohaerere,
1717 3739 1777 3785 tarn
1787 3729 1914 3788 sollerter

1129 3813 1165 3869 ad
1188 3815 1344 3873 evolvendi
1367 3827 1395 3872 et
1422 3815 1592 3872 consulendi
1615 3815 1783 3874 facilitatem
1805 3819 1913 3894 singula

1130 3903 1365 3979 compositaesse,
1373 3915 1406 3960 ut
1417 3902 1479 3960 haec
1489 3923 1535 3961 res
1544 3923 1638 3980 neque
1648 3905 1681 3961 in
1690 3903 1812 3967 fortuita
1823 3909 1912 3964 vario·

1131 4010 1195 4046 rum
1209 3991 1436 4066 fragmentorum
1448 3992 1645 4050 cumulatione
1656 3993 1736 4051 felici
1747 4013 1817 4053 casu
1827 4015 1912 4054 emer·

1130 4098 1207 4153 gere,
1220 4098 1272 4136 nec
1286 4079 1459 4158 prodigioso
1473 4081 1599 4138 duorum
1613 4080 1660 4138 vel
1671 4081 1804 4157 plurium
1824 4084 1911 4142 homi·

1130 4187 1199 4224 num
1211 4186 1354 4225 consensu
1361 4167 1493 4225 inveniri
1506 4167 1643 4246 potuerit.
1652 4172 1733 4227 Neve
1746 4171 1909 4230 ullusrelin·

1130 4269 1237 4331 quatur
1268 4255 1423 4314 dubitandi
1446 4270 1620 4334 praetextus,
1647 4273 1735 4334 poeta
1768 4261 1829 4338 ipse
1859 4279 1909 4316 non

1130 4349 1222 4403 solum
1246 4344 1318 4403 libri
1338 4346 1414 4403 tertii
1436 4359 1464 4403 et
1487 4349 1561 4404 sexti
1589 4347 1692 4424 initio,
1717 4348 1771 4406 ubi
1795 4349 1909 4425 majores

1130 4433 1230 4510 operis
1244 4445 1340 4510 partes
1354 4434 1444 4491 finitae
1460 4448 1542 4505 suin,
1556 4434 1660 4492 brevia
1681 4437 1827 4513 prooemia
1846 4455 1908 4513 pra·

1131 4521 1229 4593 mittit,
1240 4541 1343 4579 verum
1356 4525 1441 4579 etiam
1454 4523 1557 4580 mediis
1570 4526 1602 4580 in
1614 4523 1702 4581 libris
1712 4525 1766 4581 vix
1781 4525 1815 4582 ad
1828 4525 1907 4582 alium

1129 4611 1226 4668 locum
1240 4609 1351 4682 transit,
1366 4611 1439 4687 quin
1460 4611 1567 4668 diserte
1586 4611 1642 4668 boc
1654 4611 1751 4689 ipsum
1770 4612 1907 4672 indiceret

1129 4699 1165 4756 ad
1182 4698 1269 4777 spatii
1281 4697 1342 4776 jam
1364 4700 1475 4758 emensi
1500 4712 1576 4757 certe
1599 4713 1749 4775 postrema
1769 4700 1904 4778 respiciat.

1130 4787 1268 4863 Singulos
1283 4787 1364 4846 locos
1379 4788 1485 4846 deinde
1498 4787 1705 4846 indicabimus.

1168 4877 1274 4934 Verum
1287 4896 1323 4935 ne
1338 4897 1414 4934 vana
1426 4877 1632 4955 praedicavisse
1640 4877 1806 4948 videamur,
1822 4877 1855 4934 ad
1865 4896 1904 4932 ar-

1130 4969 1303 5024 curatiorem
1330 4967 1492 5041 argumenti
1519 4965 1734 5023 enarrationem
1758 4963 1905 5043 progredi--

1130 5077 1205 5132 ntur,
1216 5057 1293 5114 unde
1313 5054 1468 5133 apparebit
1481 5054 1536 5112 boo
1548 5073 1676 5125 carmen,
1691 5067 1723 5112 ut
1733 5053 1856 5112 subinde
1869 5052 1903 5106 la·

1130 5145 1213 5202 cunis
1228 5144 1401 5220 plerumque
1416 5143 1504 5201 nnius
1514 5161 1616 5200 versus
1629 5142 1806 5210 mutilatum,
1822 5144 1858 5198 ita
1872 5137 1903 5194 at·

1129 5229 1403 5310 interpolationibus
1420 5249 1539 5307 prorsus
1553 5249 1677 5287 vacuum
1695 5249 1770 5302 esse,
1785 5229 1899 5286 tiresian
