4002 6106
275 289 311 344 80
458 323 461 328 Δ
884 279 1097 344 GERMANtCt
1119 279 1286 346 GAESARlS

273 417 360 479 iruigni
369 417 458 468 celum
467 418 610 482 persuadent
621 417 713 469 iumine
721 419 811 470 chelm.
1099 419 1194 482 Quique
1203 419 1282 481 priora
1290 419 1357 469 tenet
1366 419 1463 482 vestigia
1473 421 1564 482 quique
1573 381 1693 480 secunda,

302 509 379 567 ipsam
392 507 489 556 ilelioen
499 508 610 570 sequitur
618 507 699 557 senior
708 506 844 570 baculoque
853 507 959 558 minatur
1022 513 1053 554 00
1098 507 1215 557 Clunibus
1225 507 1323 558 hirsutis
1332 510 1356 558 et
1365 509 1407 572 qui
1415 522 1459 559 sua
1467 509 1547 558 sidera
1555 508 1652 559 reddit:

270 593 325 642 sice
338 593 377 642 lile
386 594 550 657 Arctophylax
563 609 604 645 sen
615 595 702 646 Bacchi
713 595 745 644 ob
758 608 856 644 munera
870 605 947 646 meus
1097 596 1281 657 decoquentes,
1292 596 1380 659 quibus
1391 597 1501 660 expletur
1512 598 1642 660 cervixque
1652 600 1793 662 caputque,
1841 603 1882 651 itt

272 683 355 730 icarus
365 685 472 744 ereptam
487 685 595 745 pensavit
606 683 684 734 sidere
698 685 782 734 vitam.
938 695 942 704 ·
1098 682 1201 732 Vatibus
1212 683 1300 745 ignotae
1309 684 1393 747 priscis
1402 685 1553 736 siuebonore
1563 686 1683 736 seruntur.

268 773 321 818 b'on
332 769 366 818 illi
375 769 505 820 obscurum
519 775 592 834 caput
601 776 650 834 est,
660 787 709 823 nou
719 774 797 823 tristia
806 773 930 836 membra;
1130 775 1181 828 Qua
1192 771 1270 822 media
1280 774 1316 822 est
1325 773 1420 834 Helice,
1431 773 1566 834 subjectum
1581 775 1673 837 respice
1681 778 1808 825 cancrum

269 857 316 906 sed
329 858 426 920 proprio
435 861 516 908 lamen
529 873 576 908 una
588 859 661 908 micat
672 860 717 910 sub
727 861 824 912 nomine
833 860 946 920 flamma,
1097 861 1128 907 At
1138 859 1209 922 capiti
1218 860 1336 910 suberunt
1346 862 1450 911 demini.
1462 865 1516 918 Qua
1527 863 1644 924 posterior
1652 877 1712 926 pes,

269 949 399 994 Arcturum
408 945 503 1008 dixere,
513 948 579 997 sinus
588 961 635 1011 qua
645 949 742 998 vincula
751 949 848 998 nudant.
1021 955 1052 996 tis
1099 950 1279 1010 {torrentesque
1290 947 1362 1010 jubas
1374 953 1400 998 et
1413 949 1506 999 fulvum
1520 963 1593 1000 cerne
1607 954 1725 1003 Leonem.

301 1033 406 1096 Virginis
415 1035 469 1084 lude
479 1036 562 1086 subest
572 1036 658 1096 iacies,
668 1037 708 1086 cui
719 1038 789 1098 plena
798 1037 893 1086 sinistra
1098 1037 1168 1084 Haruc
1180 1035 1222 1084 ubi
1234 1037 1360 1098 eontigerit
1372 1037 1457 1087 Pboebi
1469 1037 1597 1088 violentior
1606 1040 1672 1102 axis,

270 1122 354 1184 Fulget
363 1123 429 1186 spica
437 1137 510 1174 manu
521 1125 672 1187 maturisque
681 1125 749 1175 ardet
758 1125 847 1174 aristis.
1096 1127 1202 1172 Accensa
1210 1123 1236 1172 iu
1244 1127 1337 1174 cancro
1344 1125 1395 1185 jam
1403 1127 1456 1176 tum
1466 1125 1628 1188 geminabitur
1636 1129 1729 1189 mstas3

269 1215 349 1269 Quam
357 1213 397 1272 te,
408 1211 480 1273 dira,
494 1215 599 1263 rocem?
610 1217 724 1276 Tangunt
733 1214 845 1263 mortalia
854 1214 874 1263 si
889 1217 914 1263 te
1095 1213 1166 1260 Tunc
1178 1211 1285 1274 lpmpbre
1298 1213 1394 1274 tenues,
1407 1217 1467 1263 tunc
1478 1217 1515 1263 est
1526 1215 1662 1264 tristissima
1672 1215 1752 1264 tellus

268 1299 381 1350 Carmina
389 1313 435 1349 nec
442 1299 540 1350 surdam
551 1300 644 1362 prebes
652 1302 822 1351 venerantibus
831 1315 928 1363 aurem,
982 1282 986 1290 ’
1097 1300 1128 1347 Et
1138 1298 1224 1348 densas
1235 1299 1308 1349 laetus
1319 1304 1411 1362 segetes
1422 1301 1484 1352 bene
1494 1301 1578 1351 condit
1590 1305 1681 1352 arator.

269 1390 348 1437 lirosa
359 1387 418 1437 beul
430 1388 533 1438 mortale
541 1402 629 1451 genus,
639 1388 719 1438 medio
728 1389 788 1438 mibi
798 1403 870 1438 cursu
1009 1396 1052 1438 100
1096 1389 1131 1434 lte
1141 1385 1199 1434 mibi
1208 1389 1268 1436 tunc
1279 1389 1350 1437 retnis
1359 1389 1439 1451 pulset
1448 1389 1614 1450 radacaerula
1625 1389 1731 1452 puppis;

269 1475 373 1525 stabunt
382 1476 548 1540 quadrupedes
558 1480 582 1527 et
592 1477 661 1527 ilexis
669 1476 741 1527 lustris
750 1478 849 1526 habenis
1097 1479 1156 1525 bem
1169 1477 1249 1538 potius
1258 1478 1336 1528 ventis
1345 1491 1450 1528 excusso
1456 1479 1512 1528 vela
1521 1478 1639 1540 mdmrle,

269 1566 352 1626 Teque
363 1567 480 1628 tuumque
489 1579 574 1615 cenem
587 1566 657 1616 terris
666 1567 802 1616 venerabile
812 1579 910 1616 numen.
1097 1565 1270 1628 Excipiamque
1278 1565 1333 1615 sinu
1341 1566 1454 1629 zephyris
1463 1567 1611 1629 spirantibus
1619 1578 1705 1616 suras.

299 1656 378 1702 Aurea
387 1653 466 1716 pacati
477 1667 570 1715 regeres
578 1667 655 1717 quum
664 1655 745 1704 secula
752 1654 849 1714 mundi,
1128 1655 1171 1701 Est
1184 1653 1257 1701 etiarn
1271 1653 1368 1714 Auriga
1381 1653 1470 1711 iacies,
1484 1653 1535 1704 sive
1549 1653 1647 1704 Atthide
1657 1657 1730 1704 terra

267 1740 366 1790 iustitia
376 1741 491 1791 inviolata
502 1740 586 1803 malis,
596 1740 756 1804 placidissima
768 1741 849 1803 virgo,
1097 1739 1172 1788 Natus
1183 1739 1365 1802 Ericbtbonius,
1378 1741 1419 1803 qui
1430 1741 1524 1803 primus
1535 1741 1646 1802 subjuga
1658 1739 1735 1790 duxit

267 1828 323 1880 sive
332 1828 373 1878 itta
383 1829 467 1880 Astraei
476 1843 551 1891 genus
561 1843 603 1889 es,
615 1843 688 1892 quem
699 1831 762 1878 sarna
772 1833 896 1893 parentem
1012 1835 1052 1876 {05
1097 1827 1286 1890 Quadrupedes,
1296 1841 1338 1878 seu
1348 1831 1456 1890 Myrtoas
1465 1827 1592 1878 demersus
1600 1829 1625 1876 iu
1635 1827 1717 1887 undas

267 1915 377 1966 Tradidit
387 1921 521 1978 astrorum,
532 1930 575 1966 seu
586 1930 645 1967 reru
654 1917 775 1966 intercidit
784 1931 837 1966 aevo
1097 1913 1206 1976 blyrtilos
1217 1934 1223 1962 :
1234 1915 1300 1964 bunc
1311 1915 1392 1979 potius
1401 1916 1492 1978 species
1499 1916 1614 1966 insidere
1623 1915 1723 1977 reddit;

267 2007 342 2054 ortus
351 2004 414 2053 larua
423 2004 567 2066 tui,mediis
575 2008 600 2054 te
609 2006 666 2055 laeta
675 2005 768 2054 ferebas
1098 2002 1137 2051 Sic
1147 2003 1208 2052 nulli
1217 2016 1318 2064 currus,
1327 2003 1362 2053 sic
1370 2004 1449 2066 ruptis
1458 2005 1559 2054 maestus
1568 2003 1667 2053 habenis

267 2092 381 2144 Sublimis
394 2093 500 2156 populis,
514 2107 560 2144 nec
571 2093 698 2156 dedignata
708 2093 790 2143 subire
1098 2090 1199 2141 Perfidia
1210 2091 1304 2154 Pelopis
1314 2094 1407 2155 raptam
1417 2093 1491 2154 gemit
1500 2092 1696 2155 Hippodamiam.

267 2184 340 2232 Tecta
349 2181 475 2232 bominum
485 2183 510 2231 et
520 2195 593 2244 puros
601 2182 653 2232 sine
662 2182 775 2244 crimine,
788 2182 861 2243 diva,
875 2183 984 2242 penates,
1098 2181 1151 2239 lpse
1162 2178 1246 2240 iugens
1259 2182 1412 2229 transversus
1420 2179 1472 2230 abit
1481 2181 1544 2231 imre
1553 2180 1715 2231 Geminorum

268 2272 329 2319 iura
339 2269 414 2320 dabas
422 2271 540 2332 cultuque
547 2283 612 2319 novo
622 2270 681 2320 rude
692 2271 777 2333 vulgus
786 2270 812 2319 in
822 2283 906 2319 omues
1011 2274 1052 2318 110
1097 2266 1242 2328 maiorisque
1256 2269 1324 2316 Ursae
1335 2267 1420 2316 contra
1431 2266 1554 2318 delabitur
1565 2281 1617 2318 ora

267 2358 399 2408 Formabas
406 2358 463 2407 vitm
472 2357 570 2408 sinceris
579 2358 671 2408 artibus
679 2372 746 2408 usus.
1098 2353 1203 2403 Numina
1216 2357 1332 2416 praeterea
1346 2366 1429 2403 mcum
1441 2354 1518 2404 trabit
1531 2373 1538 2402 ι
1551 2367 1600 2404 una
1611 2355 1714 2416 putatur

268 2445 380 2496 ltondum
391 2459 492 2496 vesanos
500 2445 578 2495 rabies
588 2445 725 2495 nudaverat
736 2459 819 2507 enses,
1098 2441 1187 2492 Nutrix
1197 2455 1249 2492 esse
1257 2442 1340 2504 iovis,
1351 2442 1371 2492 si
1380 2455 1437 2492 rere
1445 2443 1558 2506 iuppiter
1566 2443 1647 2492 inians

269 2535 320 2582 Nec
334 2533 515 2596 consanguineis
526 2535 605 2583 lueret
616 2533 734 2583 discordie
745 2536 815 2594 nota3
1099 2529 1178 2579 Ubera
1189 2531 1292 2580 cretea
1302 2530 1386 2580 mulsit
1397 2531 1513 2580 tidisslma
1524 2543 1619 2594 caprae,

269 2620 396 2684 ignotique
407 2622 482 2672 maris
492 2635 591 2684 cursus,
605 2621 763 2684 proavitaque
774 2621 846 2670 tellus
1099 2617 1182 2667 Sidere
1190 2631 1246 2680 qum
1256 2617 1322 2668 claro
1330 2621 1426 2680 gratum
1435 2620 1540 2670 tastatm
1548 2619 1683 2668 alumnum.

268 2711 343 2757 Grata
354 2710 424 2768 setis3
438 2723 516 2772 neque
528 2723 572 2772 per
582 2709 669 2760 dubios
679 2709 816 2759 aridissima
828 2711 913 2758 ventos
1010 2715 1052 2758 tis
1099 2709 1166 2754 tiano
1176 2707 1263 2768 Auriga
1272 2706 1375 2755 humero
1383 2708 1462 2755 totam
1474 2706 1535 2769 gerit
1539 2722 1547 2768 ;
1560 2709 1586 2757 at
1597 2719 1685 2756 manus
1695 2705 1792 2757 Haedos

268 2799 327 2856 Spes
338 2797 421 2857 procul
433 2799 526 2846 emotas
537 2796 651 2845 fabricata
662 2809 725 2844 nare
738 2794 836 2858 petebat
1099 2794 1225 2855 Ostendit,
1238 2793 1319 2844 nantis
1329 2794 1454 2844 inimicum
1463 2795 1545 2858 sidus,
1561 2795 1602 2845 ubi
1613 2795 1669 2845 illos

269 2883 385 2944 Divitias3
395 2885 536 2946 fructusque
544 2884 619 2933 dabui
628 2884 720 2948 placata
729 2884 815 2933 colono
1098 2882 1171 2932 orbis
1179 2882 1210 2932 ab
1219 2886 1317 2932 oceano
1326 2883 1403 2934 celsos
1412 2883 1475 2947 repit
1485 2901 1492 2932 e
1502 2882 1567 2932 baud
1576 2883 1650 2933 semel
1659 2883 1735 2934 brodi

269 2975 359 3035 sponte
368 2985 412 3021 sua
422 2973 507 3035 tetlns;
517 2986 563 3022 nec
572 2973 640 3036 parvi
652 2973 772 3022 terminus
782 2971 834 3034 agri
1099 2973 1219 3020 lactatam
1228 2970 1310 3020 videre
1318 2974 1397 3021 ratem
1407 2973 1541 3034 uanusque
1551 2974 1668 3034 parentes

268 3058 403 3110 Praestaltnt
412 3059 516 3109 dominis
524 3061 592 3123 signo
599 3060 745 3124 †tutissima
755 3073 820 3110 rura.
1099 3062 1233 3121 Sparsaque
1242 3072 1285 3122 per
1293 3072 1371 3108 saesos
1381 3059 1526 3109 morientum
1536 3073 1638 3122 corpore
1647 3059 1747 3110 linctrts.

240 3197 242 3202 ,
300 3149 332 3197 At
343 3151 471 3210 postquam
484 3149 576 3208 argenti
588 3148 665 3198 crevit
676 3147 808 3199 deformior
818 3149 891 3209 setas,
1012 3153 1055 3194 tio
1130 3146 1225 3209 Aurigm
1237 3147 1336 3208 pedibus
1344 3149 1400 3196 trux
1411 3147 1505 3208 adjacet
1519 3149 1588 3210 ignea
1597 3152 1694 3199 Taurus

268 3235 353 3286 itarius
362 3236 441 3286 inrisit
450 3237 584 3286 maculatas
594 3237 719 3307 fraudibus
730 3237 815 3298 urbes3
1099 3239 1196 3286 Cornua
1208 3237 1287 3286 tronte
1295 3249 1379 3298 gerens
1387 3239 1411 3287 et
1421 3236 1517 3286 lucidus
1526 3251 1569 3286 ore
1583 3238 1681 3287 minaci.

213 3315 215 3322 '
269 3329 375 3387 seraque
383 3325 415 3373 ab
423 3325 523 3374 excelsis
532 3325 679 3375 descendens
688 3326 826 3388 montibus,
836 3340 878 3375 ore
1100 3327 1237 3383 Quamlibet
1249 3327 1359 3389 ignarum
1369 3326 1422 3376 caeli
1430 3339 1476 3376 sna
1484 3327 1562 3375 torma
1570 3327 1683 3389 docebit,

269 3413 354 3461 velato
364 3411 473 3474 tristique
482 3424 554 3473 genas
561 3413 701 3462 abscondita
710 3415 774 3474 rice,
1102 3417 1132 3462 rst
1142 3417 1216 3476 caput
1224 3416 1249 3463 et
1258 3414 1348 3476 patulae
1356 3427 1427 3464 neres
1438 3415 1463 3463 et
1471 3426 1563 3463 cornua
1571 3413 1654 3463 Tauri.

269 3498 413 3561 tiulliusqne
423 3499 513 3560 larem,
523 3499 603 3549 nullos
611 3499 663 3549 adit
673 3500 715 3549 illa
725 3502 831 3562 penates.
1099 3505 1188 3552 Fronte
1196 3503 1287 3553 micant
1297 3503 1401 3566 Hyades.
1414 3507 1475 3561 Qnae
1488 3515 1577 3552 cornus
1586 3502 1686 3551 llamma
1697 3501 1790 3553 sinistri

269 3589 375 3636 Tantum
386 3599 461 3649 quum
470 3585 592 3648 trepidum
603 3587 688 3648 vulgus
697 3591 823 3648 cantusque
832 3586 938 3647 notarit,
1012 3592 1055 3634 125
1100 3595 1200 3640 summa
1209 3593 1288 3651 tenet,
1298 3591 1364 3642 subit
1374 3591 1427 3640 baec
1437 3591 1522 3640 eadem
1531 3589 1631 3652 vestigia
1643 3589 1732 3639 dextra

272 3677 383 3737 increpat
396 3690 402 3723 :
417 3678 437 3723 0
450 3673 743 3737 patromsubolesoblita
756 3675 877 3736 priorum,
1101 3678 1196 3740 Aurigae
1207 3678 1336 3742 mediaque
1347 3679 1406 3741 ligat
1417 3678 1558 3742 compagine
1569 3677 1648 3726 diros.
1838 3677 1876 3726 18⁰

271 3768 404 3826 Degeneres
413 3777 507 3826 semper
516 3776 660 3826 semperque
669 3763 782 3812 habitura
791 3763 909 3834 minores,
1100 3767 1211 3829 blyrtilos
1223 3767 1333 3816 exoritur
1341 3781 1438 3816 somnio
1448 3779 1523 3828 quum
1533 3765 1648 3815 fluctibus
1657 3779 1715 3826 ore,

270 3852 335 3911 Quid
347 3865 399 3914 me,
410 3852 482 3914 cujus
491 3852 543 3901 abit
553 3863 626 3913 usus,
638 3866 681 3915 per
692 3855 750 3900 vota
761 3851 870 3901 vocatis?
1100 3857 1175 3904 Totus
1184 3867 1241 3904 cum
1248 3858 1330 3905 Tauro
1339 3854 1418 3916 lucet;
1431 3855 1480 3904 ruit
1489 3867 1580 3904 oceano
1590 3855 1638 3904 Bos

270 3941 405 3999 Quereuda
416 3942 452 3990 est
466 3941 535 3990 sedes
546 3939 615 3990 nobis
626 3953 689 3990 nora
702 3960 709 3990 ι
721 3940 803 3989 secula
814 3944 895 3990 restra
1101 3943 1175 4002 Ante,
1187 3955 1258 4004 super
1267 3943 1344 3991 terras
1353 3955 1431 4004 quum
1443 3942 1518 4003 tulget
1528 3940 1639 4004 Myrtilos
1647 3954 1698 3991 ore.

271 4029 370 4080 Artibus
378 4027 503 4078 indomitis
510 4027 607 4077 tradam
616 4028 748 4090 scelerique
757 4029 868 4078 cruento.
1012 4034 1055 4078 130
1133 4029 1306 4080 lasideseliam
1316 4031 1471 4080 caelumcum
1481 4031 1582 4095 conjuge
1596 4029 1709 4092 cepheus

272 4119 329 4166 llaec
338 4117 425 4178 elisia,
437 4129 510 4179 super
518 4117 613 4165 montes
623 4115 674 4164 abit
685 4115 742 4164 alite
754 4129 843 4177 cursu,
1100 4118 1214 4168 Ascendit
1222 4120 1322 4181 totaque
1333 4117 1419 4178 domo;
1431 4119 1486 4181 quia
1495 4118 1608 4180 iuppiter
1617 4119 1704 4166 auctor

271 4205 393 4255 Attonitos
402 4205 512 4269 linquens
523 4205 624 4268 populos
635 4204 745 4266 graviora
757 4207 879 4266 paventes.
1103 4209 1144 4256 list
1154 4206 1245 4268 genum
1258 4225 1265 4256 c
1279 4206 1394 4269 (prodest
1403 4206 1516 4268 majestas
1525 4219 1589 4268 srepe
1597 4205 1732 4268 pereatis.)

303 4295 375 4343 AErea
384 4292 425 4342 sed
435 4295 565 4356 postquam
574 4292 654 4355 proles
663 4290 732 4340 terris
741 4290 798 4340 data
807 4303 853 4340 neo
859 4290 910 4353 iam
955 4357 956 4361 ἵ
1101 4298 1155 4358 ipse
1163 4295 1261 4345 brerem
1271 4295 1359 4356 patulis
1368 4293 1482 4343 manibus
1490 4295 1539 4342 stat
1549 4297 1603 4356 post
1611 4296 1764 4355 cynosuram

272 4380 369 4432 &mina
377 4381 475 4430 virtutis
484 4381 549 4430 vitiis
557 4381 667 4429 demersa
676 4378 803 4441 resistunt,
1102 4382 1207 4433 Didncto
1215 4395 1287 4445 passu
1298 4401 1304 4430 a
1315 4383 1436 4445 quantum
1446 4380 1509 4430 latus
1522 4381 1606 4444 apede
1614 4381 1701 4430 dextro

273 4468 388 4531 Terrlque
398 4468 496 4518 invento
508 4481 575 4518 meus
586 4471 622 4518 est
633 4468 715 4517 letata
728 4467 840 4530 metallo,
1015 4473 1057 4518 1³5
1102 4471 1210 4534 Cepheos
1221 4472 1354 4520 extremam
1365 4469 1441 4532 mugit
1453 4469 1603 4532 Cynosurida
1614 4469 1732 4527 modam,

274 4556 363 4607 Polluit
373 4559 398 4606 et
408 4559 493 4606 lenuis
504 4569 599 4607 memes
609 4557 718 4606 amaetus
730 4558 826 4605 aratro:
1102 4559 1254 4610 Tantundem
1265 4558 1296 4606 ab
1304 4557 1367 4606 laevo
1379 4557 1466 4620 distat;
1478 4559 1557 4606 minor
1568 4560 1669 4620 utraque
1675 4556 1757 4620 iungit
1833 4555 1872 4606 100

274 4644 384 4697 Desemlt
392 4657 493 4708 propere
501 4647 578 4696 terras
586 4644 719 4708 justissima
727 4645 795 4706 virgo
1105 4647 1197 4709 Regula
1206 4646 1315 4708 cepheus
1324 4646 1431 4708 vestigia.
1443 4647 1539 4696 Balteus
1547 4645 1625 4695 ambit

275 4737 305 4784 nt
314 4733 368 4782 caeli
378 4735 415 4782 est
424 4735 509 4782 sortita
518 4735 615 4794 locum,
627 4747 676 4797 qua
687 4734 811 4796 proximus
822 4733 856 4782 illi
1103 4737 1156 4788 Qun
1166 4735 1229 4783 lutus
1239 4747 1268 4783 ac
1277 4733 1366 4782 llexum
1375 4734 1464 4784 sinuosi
1474 4734 1571 4797 respicit
1579 4733 1684 4798 Anguis,

274 4823 368 4873 Tardus
378 4821 402 4870 in
411 4835 523 4870 occasum
533 4824 643 4886 sequitur
651 4835 694 4873 sua
705 4823 810 4887 plaustra
820 4825 913 4872 Bootes.
1105 4822 1230 4884 cassiepea
1243 4822 1320 4870 virum
1332 4823 1419 4872 residet
1427 4822 1537 4873 sublimis
1545 4823 1576 4872 ad
1586 4824 1678 4886 ipsum3

306 4910 410 4972 Virginis
419 4912 445 4958 at
455 4909 554 4972 placidus
563 4911 686 4972 prestanti
696 4910 786 4959 lumine
795 4909 872 4970 signat
1015 4911 1059 4957 iio
1103 4909 1188 4968 Clare,
1200 4909 1273 4959 etiam
1283 4923 1375 4973 pernox
1384 4912 1444 4960 caelo
1453 4924 1528 4974 quum
1538 4915 1606 4962 Luna
1616 4911 1724 4974 rebrlslt,

276 5000 350 5050 stella
360 4999 487 5062 bumeros;
497 4999 595 5049 Helicen
607 4999 667 5059 ignis
675 5011 725 5048 non
733 4997 819 5047 clarior
828 4997 919 5058 ambil,
1102 4996 1149 5048 sed
1158 4995 1238 5047 brevis
1247 5000 1273 5046 et
1282 5001 1363 5061 paucis
1371 5000 1483 5050 decorata
1492 5001 1517 5048 in
1527 5000 1605 5050 sidere
1613 4999 1729 5052 llamm'ts.
1832 4995 1872 5049 11

276 5088 372 5152 Quique
385 5087 459 5138 micat
472 5087 549 5137 cauda
562 5086 652 5150 quique
665 5100 761 5136 armum
775 5087 851 5148 iolget
864 5085 896 5135 ad
911 5086 1005 5150 ipsum,
1103 5085 1186 5144 Qualis
1194 5085 1295 5136 terretos
1305 5087 1626 5169 subicitclarioulsdentas,
