4022 6084
287 346 350 386 XXX

285 456 375 538 μοίρης
396 433 636 538 ἔπι-παμφαίνων.
663 463 722 538 498
746 461 790 520 ἐπὶ
811 443 955 540 συνδέσμου
981 465 1068 545 βαίνῃ.

285 546 340 618 ίΗ,
361 567 400 623 90
415 551 455 627 ἐφ’
467 545 694 627 ὥρης-ἀντέλλων.

987 332 1201 395 PRAEFXTIO.

1116 467 1261 524 editorum
1270 480 1431 524 commenta
1439 486 1611 540 memorare,
1620 472 1835 546 quorumnihil
1842 495 1903 552 pro·

1114 553 1241 612 bandum
1258 569 1308 615 est.
1318 555 1400 613 Patet
1411 554 1460 613 hic
1474 577 1592 634 quoque
1600 558 1689 634 plura
1703 561 1901 632 intercidisse,

323 637 390 702 406.
406 635 529 713 κρατεροί
538 659 587 716 περ
595 636 678 702 ἐόντες
687 638 767 711 edd.,
777 640 1069 719 particulssuspects
1114 662 1180 718 quae
1192 643 1248 701 hoc
1256 645 1317 701 fere
1325 645 1412 701 modo
1426 645 1498 702 olim
1507 646 1621 720 integre
1633 647 1708 704 lecta
1720 648 1812 707 tuisse
1823 652 1902 710 facile

283 742 348 800 quae
357 743 394 780 ex
405 722 460 795 vl,
476 723 533 791 4θὸ
544 724 660 782 defendi
675 729 785 803 nequit.
800 727 886 786 Recte
897 729 958 806 jam
970 720 1028 789 u't.
1040 752 1067 790 ο.

280 810 435 890 παριόντες,
451 812 530 889 quod
544 814 629 871 multi
644 814 702 872 loci
717 816 929 874 commendant.

322 905 393 971 407.
408 897 524 977 ἑσπέριοι
534 899 560 957 δὲ
572 899 735 980 βραδιότεροι
745 902 826 970 (ΞΗδ,
835 904 950 982 ἑσπέριοι
961 903 993 976 δή
1002 908 1067 983 βαρ-

1115 731 1253 789 omnibus
1263 732 1453 810 persuadeam
1468 754 1474 789 ι

1175 871 1294 932 ἑζομὲνους
1305 870 1436 920 δ’ὧπασσε
1449 871 1513 933 βίους
1528 871 1649 935 [τέχνας
1660 890 1690 922 τε
1703 877 1874 936 βαναύσους

1135 981 1138 987 ,
1175 939 1296 1001 ἀνδράσι
1308 940 1516 1004 τειρομένοις,]
1529 943 1592 1003 μάλα
1603 943 1624 991 δ’
1640 945 1759 1007 ἠῴῃσιν
1772 949 1881 996 ἀνάσσων

281 983 383 1064 δῦτεροι
394 985 455 1058 ed.‚
469 987 612 1063 particula
624 988 817 1060 intolerabili,
831 1010 885 1067 pro
897 1011 955 1068 qua
968 992 1067 1069 paullo
1174 1010 1254 1070 ἀνέρας
1267 1010 1371 1072 ἀρνειοὺς
1382 1011 1468 1069 ποίησε
1479 1013 1545 1060 πόλει
1557 1015 1705 1074 παναγήτους
1839 1019 1901 1081 νων]

281 1073 418 1151 meliusA
427 1071 455 1132 δέ
464 1097 492 1131 τε
504 1075 581 1151 conj.
594 1074 651 1133 Sed
661 1076 828 1134 offendebat
838 1077 924 1135 etiam
935 1077 1066 1158 χρόνοισιν

282 1159 503 1236 nudepositum.
513 1162 589 1220 Hinc
599 1162 742 1240 ἐσπερίοισι
750 1163 777 1220 δὲ
786 1164 939 1243 βαρδύτεροι
949 1168 1064 1245 scripsi.

281 1247 385 1306 Forma
397 1251 588 1328 comparativi
603 1251 689 1308 etiam
704 1252 826 1311 Theocr.
841 1251 948 1326 XXIX,
965 1256 1002 1312 3ο
1018 1257 1065 1313 in-

280 1337 407 1396 venitur.

320 1426 388 1493 4ο8.
404 1405 517 1483 &nield
528 1425 608 1497 edd„
620 1423 714 1485 δείελοι
725 1447 791 1497 nos,
802 1447 839 1486 ex
850 1430 960 1506 optima
972 1431 999 1487 D
1008 1433 1063 1502 334

280 1512 504 1571 emendatione:
520 1513 557 1570 cf.
578 1534 633 1570 110
651 1511 725 1592 ᾐώην
737 1505 810 1590 οἷμον
824 1515 868 1573 καὶ
884 1517 989 1579 δείελον.

320 1607 388 1666 lu.
401 1598 498 1657 τελέθει
515 1597 595 1667 ξυνὼν
605 1598 675 1669 (ΞΗ,
689 1599 739 1658 sed
754 1599 834 1666 ἱυνῶν
845 1601 883 1674 Μ,
895 1601 991 1660 τελέθει
1006 1602 1063 1672 ξυν-

279 1683 327 1744 εὼν
343 1687 406 1758 ed.‚
421 1687 472 1745 sed
490 1689 636 1763 genitivos
651 1689 702 1762 qui
720 1703 883 1765 sequuntur
896 1711 955 1749 non
970 1693 1061 1750 intel-

278 1775 348 1851 ligo.
359 1773 633 1833 Patetscribendum
643 1774 745 1832 fuisse:
758 1775 851 1846 πλήθει
863 1776 959 1852 luerim
969 1780 1061 1853 oevi,

278 1863 336 1921 660
347 1860 425 1920 δ’λάου
438 1861 483 1920 καί
492 1861 607 1920 κτεάνων
620 1851 690 1920 οἶκον
699 1863 844 1936 πλήθοντα,
858 1878 886 1923 et
896 1865 955 1937 lll,
970 1877 1006 1935 4υ
1017 1869 1063 1926 καί

277 1947 300 2006 τ’
312 1949 392 2008 latit
403 1957 520 2008 κακοῖσιν
531 1948 627 2027 ἔμιξεν.

319 2035 385 2104 4ιθ,
403 2038 488 2093 αὐτῶν
498 2059 526 2094 τι
538 2038 616 2108 edd.,
631 2040 716 2096 αὖτῶν
729 2038 757 2096 δὲ
772 2060 835 2100 nos,

317 2125 463 2193 4υο-4α5.
489 2124 525 2180 lli
550 2145 654 2184 versus
677 2127 781 2185 ordine
801 2147 951 2206 perverso,
975 2151 1060 2208 quem

278 2212 407 2270 numeris
419 2212 576 2290 adscriptis
587 2214 732 2284 indicavi,
749 2217 781 2272 in
795 2217 860 2276 edd.
878 2218 1057 2292 legebantur,

277 2303 305 2346 et
318 2304 458 2369 praeterea
480 2311 545 2349 cum
563 2292 610 2350 his
628 2294 741 2351 mendis
758 2315 765 2351 :
782 2303 839 2363 4ου
859 2298 972 2371 ἀμείνων
995 2298 1059 2374 (ΞΗ,

278 2379 393 2454 ἀμείνον’
407 2377 453 2437 ed.
471 2397 487 2436 e
501 2379 579 2457 conj.
592 2381 618 2437 D
631 2381 701 2456 694.
717 2383 854 2461 ἑοπερίῃσί
869 2406 896 2440 τε
907 2384 1058 2459 δεινὸςῦΗ,

275 2465 416 2545 ἑσπερίοισι
425 2464 444 2523 d
452 2511 460 2538 ,
475 2468 499 2526 έ.
510 2489 539 2524 τε
549 2466 620 2524 δεινά
629 2469 724 2527 ed.—
735 2471 791 2535 425
803 2470 943 2551 ὀλοώτερος
950 2472 1059 2530 edd.-

277 2563 331 2622 lat
354 2545 434 2624 ἧσσον
446 2553 516 2625 (ΞΗ,
525 2554 614 2623 ἥσσων
628 2556 674 2614 sd.
686 2576 703 2612 e
717 2557 795 2634 conj.
809 2563 844 2616 A.
863 2557 994 2636 Longum
1018 2577 1060 2620 est

274 2642 429 2718 explicare,
441 2643 545 2716 quaein
554 2642 601 2700 his
615 2643 740 2702 offensui
753 2658 830 2703 sunt.
845 2645 940 2704 Unum
956 2648 1046 2705 allero

274 2729 353 2805 quod
365 2730 480 2805 vulgari
492 2730 596 2788 ordine
604 2734 969 2811 vespertinuslupiterbis,
981 2735 1058 2795 lllars

273 2836 347 2874 vero
360 2818 481 2876 omnino
490 2838 549 2875 non
563 2833 748 2878 memoratur.
764 2822 831 2878 Haec
842 2836 1058 2882 resmonstrare

274 2904 412 2976 debebat,
423 2905 570 2982 quomodo
579 2906 662 2965 locus
672 2910 892 2968 constituendus
902 2924 987 2971 esset.
999 2911 1056 2970 Neo

224 3027 226 3032 ·
274 3007 346 3071 puto
367 3012 540 3070 quemquam
555 2993 592 3052 de
605 2995 651 3053 his
664 2995 865 3055 dubitaturum
883 3021 890 3054 ι

335 3122 433 3172 πολλάνιι
444 3125 484 3172 οιαὶ
496 3123 569 3182 ξείνης
577 3125 646 3188 γαίης
657 3126 695 3175 lut
703 3128 791 3190 πήματ’
799 3129 895 3190 έδωιιεν,

333 3194 408 3257 ἠῷος
423 3194 464 3256 μὲν
476 3195 557 3256 μείον’,
568 3196 767 3260 ἐρ’ἐσιιερίῃσι
777 3199 801 3248 δὲ
811 3200 882 3253 δεινά.

365 3263 444 3327 Ἄρης
452 3265 473 3312 δ’
481 3265 565 3328 Ἠελίῳ
572 3267 657 3315 συνιὼν
664 3268 779 3331 πατράσιν
787 3271 827 3331 μὲν
840 3271 920 3332 ἀνίας,

334 3335 503 3396 γεινομένοιςδ
514 3335 592 3392 αὐτοῖς
601 3337 696 3400 θόρυδον
706 3341 746 3387 καὶ
758 3341 846 3402 πήματ’
856 3341 949 3390 ἔδωκεν·

333 3403 387 3458 τοὺς
396 3404 415 3451 δ’
427 3405 472 3466 ἄρα
480 3406 521 3454 καὶ
530 3404 617 3468 πάτρης
626 3409 736 3472 γλυκερῆς
744 3411 812 3469 θῆκεν
823 3414 975 3473 μετανάστας·

333 3472 443 3536 ἠματίη
453 3475 547 3536 γενέθλη
556 3475 577 3524 δ’
587 3476 718 3535 ὀλοώτατος
727 3479 809 3528 ἔπλετο
820 3481 923 3540 πάντων,

333 3543 414 3600 ήσσων
428 3543 449 3591 δ’
459 3545 594 3609 ίσπέριος
605 3549 695 3610 γεγονὼς
710 3549 863 3615 άδρανέστερα
872 3555 938 3617 ῥέζει.

272 3657 377 3716 Eadem
390 3658 515 3718 duorum
530 3680 668 3719 versuum
684 3665 850 3726 terminatio
868 3667 971 3745 πήματ’
986 3669 1052 3729 ἔδω-

271 3768 314 3801 κεν
328 3746 526 3804 conlusionem
537 3752 710 3825 procreavit.
723 3752 767 3813 Cf.
781 3753 820 3826 ll,
839 3758 910 3829 1433
922 3757 980 3830 lll,
995 3761 1050 3817 305

269 3833 305 3889 de
316 3833 418 3907 μείονα,
432 3834 489 3906 lll,
507 3837 560 3892 281
579 3837 614 3894 de
625 3837 726 3916 ἥσσων,
736 3854 765 3899 et
779 3842 840 3903 vid.
856 3848 977 3905 omnino
993 3848 1050 3920 ill,

273 3921 327 3975 123
347 3941 391 3999 sq.
410 3921 500 3988 νυκτδς
522 3921 568 4001 μὲν
584 3925 680 4005 ἀρίστη
698 3927 808 4007 ἐτύχθη,
833 3930 936 4009 Ἠματι
952 3937 975 3991 δ’
992 3929 1049 3995 αὖθ’

268 4003 368 4076 ἥσσων.

309 4097 377 4164 4υ8.
397 4095 531 4170 δούλαιςή
550 4104 685 4180 πενιχραῖς
705 4103 751 4161 καὶ
772 4105 840 4178 (ΞΗ,
858 4108 964 4186 δούλῃσι
978 4135 1049 4170 πενι·

267 4189 343 4261 χραῑς
359 4182 377 4254 ή
391 4184 437 4243 καί
456 4187 504 4246 ed.
525 4208 542 4246 e
556 4189 634 4267 conj.
655 4192 681 4249 D
697 4195 765 4250 315.
789 4194 844 4253 Sed
868 4216 972 4272 egenas
988 4221 1050 4260 esse

267 4289 366 4330 servas
374 4293 619 4351 supervacaneum
626 4281 801 4354 eratdicere,
809 4287 945 4360 quoniam
956 4292 1049 4348 servis

267 4361 387 4421 omnino
402 4363 477 4423 nihil
492 4369 687 4446 eratproprii.
705 4369 805 4447 ltaque
815 4375 930 4449 praetuli
943 4377 1048 4456 tripar-

267 4447 347 4504 titam
364 4453 507 4511 malarum
521 4473 644 4513 uxorum
665 4457 865 4518 divisionem:
882 4466 1048 4544 πενιχραῑςή

265 4531 397 4608 δούλαιςή
412 4540 466 4599 καί.

308 4625 419 4691 433-35
435 4628 492 4686 hoc
508 4631 595 4690 modo
611 4632 687 4710 apud
701 4633 727 4690 G
743 4635 900 4710 leguntur:

327 4765 445 4826 έῐομένους
453 4768 538 4827 ποίησε
551 4772 614 4834 βίους
625 4773 689 4834 μάλα
702 4777 861 4839 παναγήτους,

326 4835 406 4898 ἀνέρας
420 4837 539 4901 ἀρνειούς,
555 4843 617 4904 μάλα
627 4845 652 4893 δὲ
666 4846 771 4907 δμωάσιν
781 4850 901 4913 ἀνάσσων,

327 4906 406 4969 πρῆξιν
415 4906 436 4956 δ’
443 4909 534 4966 ήσσονα
547 4913 608 4962 δῶκε
617 4918 656 4964 sci
669 4918 699 4979 ἐμ
710 4920 814 4980 πρήῖισιν
827 4923 867 4970 ὐπ’
879 4924 964 4980 ἄλλοις.

264 5018 314 5076 sed
329 5023 386 5089 434
400 5021 423 5078 δ’
437 5021 548 5094 ήώαισιν
562 5025 608 5098 Μ,
623 5030 645 5086 δ’
660 5030 817 5100 ήώαισσισιν
830 5038 893 5112 (sic,
907 5040 955 5096 sed
972 5063 998 5096 αι
1012 5041 1045 5098 li·

263 5107 347 5166 neola
361 5111 549 5191 transfixum)
565 5115 605 5187 Η,
620 5117 733 5184 ήωέσσιν
747 5121 774 5178 J.
786 5121 917 5198 Longum
936 5139 979 5183 est
997 5127 1045 5185 hle

1174 1077 1320 1141 [χρήμασί
1333 1082 1383 1128 καί
1400 1083 1554 1143 τέχνθσιν,
1568 1083 1596 1130 ἐν
1612 1083 1775 1146 ἑσπερίῃσι
1793 1087 1824 1135 δὲ
1844 1091 1899 1150 βαί·

1173 1149 1253 1210 πρῆξίν
1267 1151 1286 1198 θ’
1294 1151 1386 1206 ήσσονα
1397 1150 1464 1211 δῶκ’,
1472 1151 1496 1200 ἐν
1508 1151 1604 1213 πρήξεσί
1612 1152 1634 1200 τ’
1643 1153 1717 1214 ἔμμεν
1726 1155 1768 1202 ὑπ’
1780 1156 1867 1212 ἄλλοις.

1113 1269 1156 1326 ιι
1171 1251 1305 1329 uterium
1320 1291 1438 1330 versum
1453 1274 1491 1332 cs.
1510 1273 1554 1344 u,
1574 1277 1729 1352 16a,209.
1750 1279 1815 1352 ιιι,
1837 1283 1895 1343 us.

1112 1356 1164 1427 Vl,
1173 1366 1319 1502 χωρή,
1340 1360 1376 1416 de
1391 1361 1595 1439 supplemento
1613 1365 1703 1441 primi
1720 1388 1831 1427 versus
1847 1372 1896 1438 lll,

1112 1445 1159 1501 62.
1218 1489 1226 1514 ,
1264 1467 1311 1518 27·

1150 1533 1218 1599 438.
1235 1534 1261 1589 δὲ
1277 1533 1322 1590 σὺν
1332 1535 1448 1593 αὐτοῖσιν
1461 1535 1526 1607 (ΞΗ,
1539 1535 1562 1594 δ’
1573 1527 1626 1595 οἷον
1636 1539 1719 1598 τοῖσιν
1731 1542 1782 1601 ed.
1801 1563 1820 1601 e
1831 1547 1896 1622 oonj.

1113 1617 1152 1688 ll,
1175 1640 1301 1697 proque
1322 1626 1344 1679 Α
1364 1635 1454 1680 tentat
1476 1623 1547 1691 δ’ὡς
1565 1626 1691 1688 αὐτοῖσιν.
1710 1627 1775 1704 Ego
1797 1635 1895 1710 scripsi

1110 1705 1131 1761 δ’
1144 1705 1160 1761 ἃ
1174 1705 1219 1763 σὺν
1237 1710 1362 1765 αὐτοῖσιν.
1380 1709 1446 1771 Vid.
1460 1711 1496 1768 ad
1510 1732 1541 1772 v.
1560 1721 1628 1780 440.

1152 1803 1219 1861 440.
1233 1798 1362 1866 θνητοῖσιν
1375 1797 1484 1876 μογερδν
1499 1797 1585 1878 βίοτον
1599 1801 1625 1858 Η
1637 1800 1719 1873 edd„
1734 1806 1821 1879 quod
1832 1809 1893 1864 reli-

1109 1898 1235 1958 querunt
1246 1885 1371 1943 editores
1386 1900 1496 1946 mutato
1511 1911 1538 1945 v.
1555 1891 1623 1957 438.
1640 1890 1697 1948 Sed
1716 1913 1815 1969 quum
1830 1898 1892 1954 salso

1107 1970 1254 2030 indicetur
1267 1974 1446 2050 argumenti,
1463 1977 1545 2053 quod
1564 1979 1708 2055 sequitur,
1729 2001 1848 2042 summa
1861 2021 1893 2030 -

1108 2065 1291 2136 nequeenim
1304 2081 1419 2140 semper
1430 2077 1458 2121 et
1471 2064 1582 2143 ubique
1594 2067 1763 2145 peruiciosa
1778 2087 1826 2130 est
1840 2074 1892 2132 Lu-

1107 2166 1144 2204 na
1154 2181 1203 2220 —,
1223 2148 1247 2205 ll
1259 2149 1335 2227 conj.
1347 2152 1473 2230 μογεροῖς.
1488 2153 1608 2226 lllelius,
1623 2155 1742 2232 opinor,
1755 2179 1895 2238 supraro

1107 2235 1181 2293 dicis
1193 2237 1342 2315 scripture
1352 2254 1458 2317 praeter
1470 2262 1559 2299 uuam
1573 2242 1686 2300 literam
1703 2248 1841 2306 restituta
1852 2249 1893 2307 hic

1106 2326 1205 2394 θνητοῖς
1220 2327 1246 2380 ἐν
1261 2329 1364 2404 μογερῷ
1381 2327 1459 2406 βιότιρ
1474 2331 1656 2408 scripsimus.
1671 2330 1739 2392 Vid.
1757 2333 1822 2406 ΠΙ,
1842 2347 1892 2406 4εο

1106 2405 1197 2475 όσσους
1215 2413 1293 2489 Μοῖρ’
1317 2414 1428 2485 ἐπέδησε
1443 2419 1542 2492 βροτῶν
1556 2421 1667 2496 μογεροῦ
1682 2420 1793 2496 βιότοιο.
1812 2460 1855 2484 -.
1865 2427 1891 2494 δή

1106 2502 1150 2554 νῦν
1165 2497 1210 2555 ed.
1225 2517 1242 2555 e
1256 2499 1332 2577 conj.
1347 2503 1547 2580 nescioquam
1563 2504 1602 2562 ob
1616 2526 1744 2570 causam.

1145 2587 1213 2652 448.
1230 2587 1361 2662 θεμέθλοιν
1375 2589 1461 2662 edd„
1475 2593 1554 2668 quod
1565 2595 1631 2670 quis
1644 2595 1782 2658 defendat
1795 2620 1835 2660 ex
1849 2601 1890 2672 lll,

1049 2693 1056 2720 ν
1109 2674 1177 2745 ι3ο,
1194 2678 1262 2744 νηῶν
1277 2699 1304 2733 τε
1327 2677 1469 2752 θεμέθλοις.
1493 2681 1549 2738 Sed
1571 2683 1678 2740 mirum
1703 2686 1735 2742 ni
1755 2691 1890 2748 usitatum

1105 2762 1254 2838 scripserit
1276 2764 1423 2843 μελάθρων,
1445 2767 1526 2840 quod
1543 2768 1631 2826 etiam
1648 2769 1780 2830 imitator
1803 2777 1889 2835 simili

1105 2848 1169 2905 loco
1177 2848 1226 2920 lv,
1237 2851 1305 2921 361,
1318 2851 1629 2930 δεσποτίδεςμεγάλωντε
1641 2855 1705 2934 βίων
1715 2859 1857 2940 μελάθρων
1865 2887 1889 2920 τε

1102 2941 1252 3014 φανοῦνται,
1266 2938 1362 2998 habet.
1374 2940 1419 2998 Cf.
1432 2939 1482 3012 vl,
1496 2943 1553 3010 4ιό
1568 2945 1669 3022 ἐχυρῶν
1685 2947 1846 3023 δωμήτοριις
1857 2951 1890 3008 ol·

1103 3044 1168 3093 κων,
1181 3037 1210 3081 et
1221 3026 1297 3082 inira
1312 3025 1372 3098 Ill,
1388 3030 1457 3105 ²39·

1144 3110 1212 3176 451.
1226 3110 1356 3191 ἔμφρονος
1367 3115 1427 3187 ed.‚
1441 3117 1492 3175 sed
1500 3115 1624 3197 εὔφρονας
1633 3136 1791 3181 revocatur
1798 3147 1832 3204 p.
1844 3147 1888 3185 xc.

1144 3199 1212 3266 455.
1227 3202 1269 3259 ἐπ’
1283 3201 1396 3280 ἔργοισιν
1409 3206 1459 3267 ἑοῖς
1470 3205 1535 3276 (ΞΗ,
1545 3205 1658 3285 ἔργοισιν
1673 3211 1724 3275 ἑοῖς
1733 3211 1791 3282 ed.‚
1808 3217 1890 3292 οῖγροῖ-

1102 3308 1143 3344 σιν
1158 3289 1209 3351 ἑοῖς
1219 3287 1245 3346 Ι)
1256 3290 1326 3354 648.
1341 3289 1523 3368 Quamquam
1542 3295 1659 3354 defendi
1672 3312 1768 3376 potest
1781 3320 1889 3377 prono·

1102 3394 1184 3447 men,
1198 3388 1309 3450 tamen,
1321 3378 1400 3454 quod
1410 3393 1467 3436 tam
1481 3380 1566 3438 facile
1575 3397 1639 3441 erat
1650 3397 1680 3442 et
1689 3387 1782 3444 multo
1799 3390 1888 3464 signi-

1101 3461 1248 3534 ficantius,
1264 3463 1348 3542 ἔργοις
1360 3473 1454 3531 κενεαῖς
1469 3469 1595 3528 restitui.

1141 3553 1207 3616 456.
1220 3549 1321 3610 δύναιτ’
1332 3553 1404 3624 GH,
1420 3577 1450 3631 γε
1461 3555 1564 3614 δόνανθ’
1579 3559 1625 3617 ed.
1642 3559 1737 3621 fulcro
1753 3563 1808 3622 illo
1821 3587 1886 3624 rur-

1098 3655 1147 3694 sus
1162 3639 1261 3711 illat03
1275 3639 1392 3698 ἐδύνανθ
1401 3641 1462 3717 jam
1478 3658 1555 3702 recte
1568 3645 1674 3713 Deus.

1140 3727 1208 3791 468.
1226 3727 1430 3806 μεγαληγορίαις
1445 3730 1588 3809 χαίροντας
1604 3735 1684 3806 edd,
1702 3739 1753 3796 sed
1768 3743 1885 3817 μεγαλη-

1098 3812 1209 3886 νορίαισι
1223 3814 1297 3889 ΜΗ,
1310 3817 1540 3895 μεγαληνορίοιισιν
1552 3820 1580 3878 J.
1596 3821 1631 3879 Et
1653 3825 1784 3885 clausula
1798 3849 1883 3907 spon·

1096 3899 1179 3958 disca
1191 3917 1322 3979 suspecta
1334 3937 1372 3946 —
1382 3905 1443 3962 vid.
1458 3926 1611 3984 supra—,
1623 3925 1652 3968 et
1668 3914 1749 3990 quod
1767 3917 1810 3974 nil
1827 3919 1882 3976 nisi

1096 3988 1170 4045 mala
1179 3991 1327 4066 portendit
1336 3990 1426 4050 Lunae
1435 4015 1500 4051 cum
1513 3995 1606 4055 Marte
1616 4000 1797 4076 conjunctio.
1812 4005 1883 4063 Hine.

1098 4076 1305 4156 μεγαληγορίῃσι
1326 4072 1455 4158 χανόντος
1478 4084 1601 4162 scripsi,
1624 4086 1702 4144 haud
1717 4091 1829 4150 veritus
1850 4111 1883 4150 ne

1095 4165 1161 4240 quis
1174 4165 1275 4223 aoristi
1289 4168 1447 4246 participio
1462 4170 1636 4230 offendatur.

1138 4253 1205 4318 483.
1221 4251 1280 4310 εὐθὺ
1292 4252 1370 4325 edd.,
1383 4254 1457 4322 εὐθὺς
1466 4255 1502 4312 Μ.
1516 4259 1575 4317 Sed
1585 4279 1622 4318 ex
1633 4282 1661 4320 ν.
1673 4270 1731 4335 474
1744 4255 1802 4323 εἶτα
1816 4269 1881 4325 scri·

1094 4339 1222 4398 bendum
1238 4341 1301 4400 fuit.

1135 4431 1203 4501 487.
1221 4427 1299 4509 βιότῳ
1309 4430 1392 4504 edd.;
1409 4432 1510 4510 βιότους
1521 4454 1557 4492 ex
1571 4458 1597 4494 v.
1612 4439 1669 4503 433
1685 4452 1714 4496 et
1728 4443 1877 4508 concinni·

1094 4519 1161 4594 tatis
1169 4538 1254 4576 causa
1261 4519 1510 4597 scripsi.Dativus
1518 4543 1554 4580 ex
1567 4525 1617 4604 βίιρ
1623 4531 1773 4604 sequentis
1782 4549 1879 4588 versus

1095 4619 1186 4664 ortus.

1137 4695 1204 4769 489.
1217 4693 1348 4771 γενέθλαις
1365 4697 1450 4768 edd,
1462 4696 1584 4774 γενέθλης
1595 4713 1665 4774 uos,
1681 4705 1725 4761 uti
1740 4704 1802 4782 jam
1815 4705 1879 4762 llol·

1095 4793 1168 4838 sten.
1181 4783 1213 4841 in
1219 4803 1311 4859 marg.
1323 4785 1457 4862 conjecit.
1472 4787 1505 4844 Et
1516 4787 1593 4846 haud
1603 4790 1664 4849 scio
1675 4811 1713 4850 an
1725 4795 1809 4852 etiam
1820 4815 1878 4872 τρε·

1094 4866 1171 4946 τέρην
1186 4871 1347 4948 scripserit.

1136 4965 1205 5031 492.
1221 4956 1280 5027 ήτοι
1296 4961 1490 5038 συντροχάουσ’,
1509 4963 1566 5020 ἐπεὶ
1588 4965 1659 5034 GH,
1678 4957 1696 5038 ή
1713 4991 1754 5026 τοι
1773 4989 1875 5046 συντρο-

1093 5041 1483 5124 χάουσο,πρὸςεά.,ῖιαιιιίεσῖο
1492 5072 1577 5128 quam
1585 5052 1624 5110 ob
1632 5055 1877 5116 causamSedini·

1093 5130 1134 5188 tio
1147 5127 1164 5200 ἢ
1177 5131 1223 5188 καὶ
1235 5135 1421 5193 scribendum
1433 5137 1514 5196 suite
1528 5142 1738 5202 consuetudine
1751 5143 1854 5202 Nostri.
