3992 6078
507 468 677 528 sanvinss
699 467 944 528 annuntiatis
966 467 1058 540 QUAE
1081 465 1312 526 SUPERSUNT.

157 599 269 668 Μέλιτος
279 601 309 660 τὸ
320 599 433 678 μέτριον·
445 602 578 664 παντελῶς
590 597 658 657 οἴνου
673 599 766 678 βραχύ·

115 709 144 746 ου
158 688 294 762 Βδελλιον,
309 679 375 747 οίνον
388 686 458 764 [καί]
468 687 584 766 σμύρναν
597 688 632 752 εἰς
641 686 749 745 θυείδιον

160 777 296 846 Βαλόντες,
309 769 338 835 τύ
351 775 493 854 τρίὸουσιν,
507 777 541 839 ώς
556 773 657 850 μέλιτος
669 774 753 852 πάχος

158 856 257 936 Ὑγροῦ
270 861 387 926 ποιῆσαι,
398 854 443 913 καί
455 853 663 933 προσαποδόντες
676 853 750 929 μέλι,

157 945 213 1016 Τὴν
229 945 343 1026 σταφίδα
355 942 546 1021 συντρίόυυσιν·
561 933 618 1000 εἶτα
629 944 687 1000 λεῖα
699 942 726 1000 δέ

157 1033 277 1092 Ἀπαντα
289 1030 494 1108 καταμίξαντες,
507 1031 536 1090 έκ
551 1031 643 1088 τούτου
659 1029 770 1095 κύκλους

118 1143 145 1179 aa
163 1123 277 1201 Βραχεῖς
290 1125 436 1194 ποιοῦντες,
449 1121 561 1196 θυμιῶσι
575 1119 628 1184 τοῖς
640 1121 715 1183 θεοῖς.

159 1209 269 1290 Ῥοῦφος
283 1207 329 1286 μὲν
340 1207 408 1266 οῦτω
420 1208 473 1264 δεῖν
487 1204 584 1288 ἔφασκε
600 1205 743 1282 σκευάσαι,

161 1295 238 1376 Ἀνὴρ
249 1295 353 1376 ἄριστος
368 1294 467 1360 ἑκτικός
478 1294 501 1351 τ’
516 1296 542 1352 έν
554 1297 586 1372 τῇ
600 1294 690 1373 τέχνῃ.

160 1381 245 1444 Ἔνιοι
259 1384 287 1442 δέ
300 1381 468 1458 κιννάμωμον
481 1383 510 1440 οὐ
525 1381 631 1461 σχόντες
644 1383 744 1459 βαλεῖν,

161 1471 295 1549 Μίσγουσι
306 1469 386 1528 ταύτὸ
396 1468 576 1549 καρδαμώμου
592 1467 752 1547 σπέρματος·

123 1581 151 1620 ου
165 1563 291 1639 Χρῦνται
306 1560 328 1616 δ’
343 1557 482 1637 δμοίωςτῇ
497 1557 548 1637 πρὸ
561 1555 658 1627 ταύτης
670 1556 793 1615 συνθέσει·

160 1645 236 1714 Τινὲς
251 1645 278 1704 δέ
290 1644 397 1712 καὶτοῖς
408 1636 482 1725 ἧπαρ
495 1643 512 1714 ἣ
525 1642 568 1702 τὸν
582 1642 725 1717 πνεύμονα,

161 1733 201 1795 Ἢ
211 1733 258 1794 καί
269 1733 294 1792 τί
307 1735 331 1811 γ’
344 1731 430 1813 ἕτερον
444 1731 595 1810 σπλάγχνον
608 1730 794 1807 έξηλκωμένοις

164 1821 253 1883 Πίνιιν
266 1823 381 1881 διδόασιν
394 1824 429 1888 ὥς
443 1820 565 1900 δραχμὴν
576 1825 622 1878 τοῦ
634 1819 785 1900 φαρμάκου.

459 1944 542 1962 -α-

161 1995 244 2067 Ἄλλη
255 1995 354 2077 σφόδρα
365 1997 434 2066 καλὴ
447 1992 511 2073 πρθς
522 1993 655 2074 φθισικοὺς
666 1994 895 2074 κεχρονισμένυυς,

122 2109 148 2145 ea
160 2085 230 2152 Τούς
241 2083 264 2142 θ’
277 2075 336 2162 αἷμ’
348 2083 506 2161 ἀνάγοντας,
516 2082 561 2140 καί
573 2082 749 2164 πυρέσσοντας
762 2083 855 2162 λάθρα,

163 2174 218 2234 Καί
228 2171 288 2238 τοὺς
299 2171 406 2251 ἔχοντας
421 2171 489 2250 [τόν]
502 2169 607 2250 θώρακα
623 2174 729 2244 ἀσθενῆ,

165 2259 222 2323 Καί
233 2260 297 2341 πρὸς
310 2257 504 2339 στομοχικοθς,
517 2258 669 2331 ἡπατικοθς,
682 2259 858 2341 νεφριτικοὺς,

165 2349 220 2411 Καὶ
232 2348 295 2428 πρὸς
311 2348 463 2428 άπροείπον
474 2347 577 2420 πάντα,
588 2347 639 2412 τοῖς
651 2347 851 2427 τρυφερωτέροις

164 2439 276 2498 Μᾶλλον
289 2435 437 2516 προσηνὴς,
451 2435 508 2494 ἀλλ’
523 2436 631 2494 έλαττον
643 2435 778 2515 δραστική.

124 2548 149 2587 70
162 2525 259 2604 Ταύτῃ
268 2523 374 2603 λέγουσι
387 2523 431 2582 τὸν
446 2521 582 2583 Σεθαστὸν
596 2523 679 2594 ἡδέως

163 2614 340 2696 Χρησάμενον
355 2617 415 2690 ὑγιᾶ
427 2610 559 2689 γεγονέναι
572 2613 598 2668 ἐν
612 2615 708 2693 βραχεῖ
717 2611 818 2692 χρόνῳ,

164 2703 293 2782 Πλιυρυῖς
305 2725 333 2760 τε
346 2701 391 2759 καί
405 2699 503 2779 θώρακι
515 2699 771 2778 δυσχρηστούμενον.

162 2791 245 2872 Ἔχει
257 2789 284 2848 δὲ
298 2789 407 2870 ψυλλίου
419 2812 447 2848 τε
461 2787 506 2847 καὶ
522 2787 616 2854 κασίας
630 2789 732 2867 κιῤῥᾶς,

164 2877 373 2960 Νορδοστάχυός
383 2901 413 2936 τε
424 2876 469 2936 καί
480 2882 597 2955 καθαρᾶς
608 2879 655 2946 τῆς
671 2877 809 2948 Κελτικῆς,

126 2990 150 3029 ia
167 2967 222 3028 ital
237 2966 427 3042 κινναμώμου,
441 2964 487 3022 καί
501 2963 596 3041 κρόκου
608 2968 653 3021 τοῦ
668 2965 819 3044 προσφάτου

166 3054 229 3116 list
240 3053 341 3114 δώδεκα
354 3051 492 3134 δραχμάς,
505 3051 549 3110 καί
566 3051 756 3129 δπυόαλσάμου
769 3053 841 3112 δέκα·

168 3147 293 3214 Στακτῆς
304 3141 446 3220 Ἀραόικῆς
457 3140 612 3219 παχυτάτης
623 3140 771 3200 ἑκκαίδεκα·

166 3231 281 3311 Σχοίνσυ
294 3253 322 3289 τε
333 3233 443 3302 λεπτῆς,
457 3229 577 3304 Λημνίας
588 3253 616 3287 τε
627 3234 673 3300 τῆς
684 3233 782 3304 καλῆς,

167 3320 220 3382 ‘Pa
232 3323 362 3380 Ποντικοῦ
371 3343 416 3395 τε,
427 3317 547 3398 πηγάνου
560 3341 588 3376 τι
601 3317 763 3397 σπέρματος·

131 3427 155 3468 :n
168 3408 209 3469 T'o
224 3409 247 3466 δ’
260 3405 350 3486 οίγριόν
360 3409 416 3464 ἐστι
428 3407 545 3484 πήγανον
558 3414 674 3486 κρεῖττον
687 3408 763 3465 πολύ·

172 3497 264 3556 Καλοῦ
280 3499 304 3554 τ’
318 3493 441 3571 ἀμώμου,
453 3494 497 3554 καί
509 3493 589 3574 ῥόδων
603 3493 686 3574 ξηρῶν
703 3493 769 3568 ίσον,

170 3589 274 3645 Λευκοῦ
288 3583 438 3663 πεπέρεως,
457 3582 591 3662 βουνιάδος
605 3587 650 3641 τοῦ
666 3583 822 3664 σπέρματος·

171 3673 262 3734 Ἔστω
274 3672 301 3730 δέ
319 3671 412 3751 ἀγρίας
423 3677 512 3743 τοῦτο,
526 3670 570 3728 καί
584 3669 622 3747 μὴ
633 3676 680 3742 τῆς
692 3671 801 3752 ἡμέρου·

171 3760 279 3823 Τούτων
292 3759 342 3818 ἀνθ
356 3758 477 3840 δραχμὰς
489 3757 631 3838 τέσσαρας·
642 3758 750 3817 λιόάνου
765 3783 792 3816 τε
804 3759 884 3839 τρεῖς·

134 3873 159 3912 sa
171 3849 243 3911 Ὶσον
257 3873 285 3908 τε
299 3847 407 3906 λιόάνυυ
421 3845 577 3926 προσόαλεῖς
591 3847 621 3904 τὸ
635 3847 765 3926 Κρητικὸν

174 3939 322 4016 λίκταμνον
335 3939 430 4001 ἱκανῶς
444 3933 529 4016 ξηρόν,
544 3935 612 3993 alla
624 3935 783 4014 πρόσφατον·

173 4023 263 4087 Τοῦτό
275 4047 303 4084 τε
319 4024 427 4102 κυμίνου
443 4021 583 4095 Θηόαϊκοῦ
598 4027 644 4080 τοῦ
655 4021 816 4104 σπέρματος.

175 4114 217 4174 Τά
232 4111 281 4192 μίν
293 4112 362 4172 ἄλλα
374 4112 457 4194 κόψας
471 4115 532 4180 σῆθε
543 4111 631 4191 λεπτῷ
644 4111 765 4192 κοσκίνῳ·

175 4203 214 4264 Τθ
227 4201 336 4280 ψύλλιον
348 4199 375 4258 δὲ
388 4200 466 4278 μόνον
479 4203 514 4266 εἷς
528 4197 609 4275 ὅλμον
623 4198 748 4274 ε’μόαλὼν

138 4315 163 4352 ου
178 4292 265 4373 Κόψον
277 4289 345 4349 πολθ
358 4287 454 4360 πλέον,
470 4287 513 4346 ἵνα
528 4285 613 4366 λάθῃς
627 4287 686 4346 ὅσον
697 4289 797 4368 θέλῃς·

176 4379 260 4441 Ἄτται
274 4377 327 4458 γάρ
339 4377 403 4435 αὐτὸ
413 4377 508 4436 λεπτὸν
521 4377 604 4434 ποιεῖν
620 4377 755 4436 ἀδύνατον.

179 4467 294 4536 Σκεύαζτ
306 4467 329 4525 δ’
342 4465 410 4524 οὕτω
421 4489 428 4502 ·
440 4463 488 4536 τὴν
499 4463 583 4537 καλὴν
597 4465 712 4536 στακτὴν
726 4467 815 4545 βαλὼν

180 4559 224 4623 El<
233 4554 399 4634 πλατυτέραν
411 4553 507 4626 θυείαν,
517 4551 585 4612 υίνου
598 4553 741 4634 παραχέων

180 4649 298 4726 λιπαροῦ
314 4643 463 4723 Φαλερίνου
474 4643 505 4702 τὸ
519 4641 635 4721 μέτριον,
649 4641 737 4702 λέαινέ
748 4670 775 4702 τε

142 4755 166 4792 na
179 4733 238 4794 ’aa’
249 4732 336 4810 ὀλίγον
351 4729 434 4802 αύτθ,
452 4731 496 4789 καί
511 4729 697 4805 δποόάλσαμυν
711 4731 769 4792 τότε

181 4821 280 4900 Μιγνύς
290 4845 297 4860 ·
308 4821 410 4900 δίυγρον
425 4826 502 4878 τοῦτο
514 4821 536 4879 δ’
549 4820 604 4880 ἐστὶ
618 4819 757 4900 χρήσιμον·

182 4909 385 4990 Παρεμπάασων
400 4933 429 4969 τε
441 4908 473 4967 cir
489 4907 554 4988 ξηρὰ
566 4907 653 4968 πάντα
666 4907 802 4986 μίγματα,

180 4999 254 5081 ’λφες
264 4999 292 5056 δὲ
307 4997 393 5073 ὀλίγον
406 4999 528 5074 συμπιεῖν
544 4996 573 5055 τὸ
588 4996 735 5078 φάρμακον,

182 5090 206 5147 Τ
207 5087 221 5146 ό
231 5111 259 5145 τε
274 5085 335 5164 μέλι
347 5086 435 5159 ζέσας,
446 5085 509 5156 δίςῆ
521 5085 575 5164 τρίς
587 5089 673 5144 αὐτῶν
683 5086 830 5168 κατάχεαι,

136 5195 172 5232 ini
183 5175 265 5234 Ἱθνιῦν
280 5198 307 5232 τε
320 5173 367 5245 τὴν
382 5176 514 5234 ἀντίδοτον
527 5173 666 5245 άποθήσεις
681 5175 739 5233 τότε

186 5267 229 5330 Εἰς
240 5262 323 5348 φυξίδ
337 5261 393 5321 οίαν
406 5253 481 5322 ε’ίπυν
493 5263 636 5340 ἔμπροσθεν
651 5262 751 5341 βραχὺ,

186 5352 274 5420 Διδοῦς
287 5352 382 5430 ὁμοίως
391 5351 456 5412 κάπί
470 5354 521 5410 τῶν
534 5353 619 5410 αὐτῶν
633 5354 732 5412 παθῶν.

935 606 1011 653 licitis
1021 604 1155 666 modicum,
1173 605 1222 652 vini
1232 602 1393 665 panrnilinlum
1403 614 1509 662 ιμιοηυυ.

936 697 1005 742 Tunc
1015 694 1143 751 bdellium,
1154 693 1251 752 vinum,
1264 691 1386 752 myrrham
1398 690 1422 737 in
1435 691 1575 736 mortarium

935 783 1082 842 Demittunt,
1095 781 1217 842 inrigant,
1229 778 1288 827 dnm
1298 777 1475 840 spissitudinem

936 871 1011 918 licitis
1022 869 1104 931 liquidi
1117 868 1247 930 accipiant,
1257 861 1328 916 me'ile
1338 865 1505 926 superaddito,

936 960 1014 1006 Uvam
1025 957 1207 1014 comminuunl;
1220 954 1307 1003 deinde
1316 955 1379 1002 tacta
1392 955 1463 1002 iaevia

936 1041 1007 1100 ilinc,
1021 1044 1049 1090 ut
1063 1041 1122 1090 liant
1135 1041 1232 1102 pastilli,
1243 1043 1343 1089 manent
1353 1041 1444 1098 omnia,

937 1128 983 1177 Sed
997 1128 1079 1192 parvi,
1092 1131 1165 1190 alque
1175 1127 1232 1177 inda
1242 1127 1288 1177 diis
1302 1132 1375 1176 urunt
1384 1129 1515 1176 sullimina.

937 1218 1013 1267 liniue
1024 1217 1061 1265 vir
1072 1217 1179 1279 optimus
1187 1217 1212 1266 et
1223 1216 1248 1264 in
1259 1219 1311 1265 arte
1322 1217 1442 1266 exercilns
1488 1255 1492 1266 .

937 1306 982 1353 iiio
995 1305 1128 1367 parandum
1139 1317 1196 1354 sane
1208 1303 1313 1366 prodidit
1325 1305 1405 1354 mode.

938 1393 1040 1451 Quidam
1052 1396 1161 1442 carentes
1172 1392 1326 1441 cinnamomo
1335 1391 1387 1453 ejus
1396 1392 1449 1440 loco

940 1481 1004 1530 idem
1015 1482 1101 1530 indunt
1113 1481 1206 1542 pmndus
1219 1480 1367 1530 cardamnmi
1377 1481 1487 1540 seminia,

940 1570 1096 1631 Ulnntnrque
1106 1573 1134 1617 nt
1148 1569 1223 1630 priori
1231 1569 1331 1618 mistura
1340 1568 1446 1631 quidem.

940 1659 970 1706 Al
980 1657 1091 1706 ulceratis
1100 1661 1180 1718 jecore
1191 1658 1227 1706 vel
1240 1657 1396 1720 pulmonibus

940 1748 989 1794 Aul
998 1745 1088 1794 viscere
1099 1745 1147 1794 aiio
1156 1745 1266 1794 nonnulli
1280 1745 1339 1794 dant
1350 1746 1417 1806 potui

941 1835 977 1882 lix
987 1832 1096 1882 antidoto
1105 1836 1224 1895 quantum
1233 1833 1322 1896 pendet
1334 1833 1455 1883 denarius.

942 2020 1008 2068 Bona
1021 2016 1166 2077 admodum
1182 2017 1414 2068 nortmannorum
1425 2020 1506 2069 tabem

943 2114 971 2160 El
981 2111 1121 2173 sangninem
1131 2111 1261 2160 educentes
1274 2112 1300 2161 et
1311 2123 1376 2160 eaeca
1387 2111 1446 2161 lebri

944 2209 1038 2254 Pressos
1046 2208 1071 2254 el
1080 2205 1200 2254 imbecillo
1209 2204 1312 2254 afflictos
1324 2210 1435 2268 pectore,

943 2302 972 2349 al
981 2311 1043 2360 quos
1051 2300 1204 2360 stomachus,
1213 2300 1290 2360 jecur,
1301 2313 1370 2349 renes
1381 2301 1470 2351 babent
1482 2304 1558 2363 male,

944 2397 974 2443 Et
984 2394 1097 2443 ornnlbns
1105 2408 1160 2456 qum
1172 2395 1253 2444 rettuli
1263 2396 1330 2458 prius
1342 2397 1418 2458 vaiet,

945 2489 1126 2538 delicatioribus
1135 2490 1209 2552 magis
1219 2490 1349 2550 blandum,
1366 2491 1451 2544 efficax

945 2587 974 2632 at
986 2597 1035 2632 non
1048 2597 1131 2646 ωηυος
1143 2585 1189 2634 bac
1198 2585 1300 2636 libenter
1309 2589 1445 2648 Augustum
1457 2588 1538 2656 ierunt

945 2683 1021 2729 Usum
1033 2680 1101 2730 brevi
1113 2682 1267 2731 consanuisse
1275 2685 1396 2744 tempore,

945 2773 1095 2836 affligeretur
1104 2789 1179 2837 quum
1192 2777 1306 2826 lateribus
1314 2779 1388 2838 alque
1399 2780 1504 2840 pectora.

946 2870 1005 2917 ilaec
1013 2870 1111 2932 suscipit
1121 2871 1229 2920 rubentis
1238 2870 1324 2932 casine,
1336 2872 1428 2934 psyllii,

947 2961 1019 3011 liardi
1028 2961 1113 3025 spicae,
1126 2965 1234 3024 purgatae
1244 2963 1313 3012 nardi
1324 2963 1438 3026 celtica,

948 3057 1130 3116 memmenni,
1142 3057 1245 3107 recentis
1256 3058 1353 3121 insuper
1362 3060 1427 3108 croci

949 3149 1079 3198 Draclrmas
1091 3147 1233 3208 duodecim,
1245 3150 1393 3210 opobalsami
1403 3151 1501 3214 decem,

949 3244 1053 3305 Myrrina
1066 3241 1173 3292 arabicae
1185 3246 1270 3293 stactoe
1279 3245 1348 3307 longe
1360 3247 1513 3296 crassissimae

949 3336 989 3386 aa
1002 3338 1057 3386 octo
1065 3353 1073 3398 ς
1082 3337 1149 3398 junci
1162 3338 1318 3399 comminuti,
1328 3341 1353 3388 el
1365 3339 1471 3390 Lemniae

949 3435 1029 3482 'terrm
1040 3432 1124 3494 θουου,
1136 3433 1194 3482 rheu
1208 3435 1326 3494 Pontiae,
1336 3437 1409 3497 atque
1420 3438 1519 3487 seminis

950 3531 1034 3588 lintre,
1044 3541 1119 3590 qnam
1128 3529 1203 3578 salins
1217 3529 1295 3578 multo
1304 3533 1340 3579 ssi
1351 3531 1492 3594 sylvestrem
1505 3533 1599 3596 indere,

951 3623 1069 3685 probique
1077 3625 1179 3686 amomi,
1192 3625 1288 3674 siccatae
1298 3629 1394 3675 tantum
1405 3641 1479 3690 rosa,

952 3721 981 3768 Ei
989 3717 1085 3768 candidi
1099 3718 1200 3782 piperis.
1213 3723 1238 3771 et
1248 3722 1304 3782 napi
1316 3721 1428 3783 senaab,

952 3815 960 3874 l
971 3815 1022 3862 lion
1033 3817 1116 3863 antem
1127 3815 1172 3864 erit
1181 3815 1314 3878 sylvestris,
1329 3830 1379 3866 non
1392 3817 1536 3882 domestici)

952 3909 1044 3958 tiorum
1055 3909 1165 3958 omniurn
1172 3909 1285 3959 adsumas
1296 3914 1401 3972 quatuor
1411 3913 1535 3972 denarios,

951 4003 1086 4066 Thurisque
1096 4007 1190 4066 tanos,
1203 4005 1318 4054 dictamni
1328 4009 1487 4069 trasenna,

952 4099 1012 4149 Sicci
1022 4098 1062 4148 aad
1075 4098 1220 4160 admodum,
1233 4101 1335 4149 recentis
1346 4101 1457 4162 seminis,

953 4196 1047 4246 cumini
1059 4198 1154 4246 mnium
1163 4196 1291 4259 Thebaici;
1302 4199 1372 4246 tunsa
1383 4198 1474 4260 reliqua

955 4296 1052 4340 lucerne
1063 4290 1145 4340 subtili
1157 4289 1249 4352 cribro,
1262 4291 1303 4341 sed
1316 4292 1428 4354 psyllium
1440 4289 1442 4294 '

955 4387 1011 4436 eilae
1023 4387 1101 4436 solum
1114 4385 1182 4436 indas
1193 4389 1217 4436 el
1228 4389 1306 4437 multo
1316 4389 1368 4450 plus
1379 4389 1475 4438 tundilo
1515 4451 1520 4464 .

956 4485 988 4532 Ul
999 4484 1116 4545 quantum
1127 4483 1163 4531 vis
1172 4495 1267 4542 sunnam
1282 4496 1338 4531 nam
1350 4483 1480 4532 comminui
1497 4485 1617 4546 intognnn

955 4573 1092 4632 Numquam
1102 4571 1190 4634 potest.
1204 4574 1234 4620 at
1244 4572 1289 4619 bac
1299 4571 1389 4620 ratione
1399 4585 1507 4633 praepara
1520 4593 1525 4621 ι

955 4661 1052 4708 stacten
1062 4658 1148 4708 bonam
1160 4659 1270 4720 ampliori
1283 4659 1350 4708 indes
1360 4661 1489 4719 mortario,

956 4747 1011 4796 Vini
1023 4747 1116 4797 Falerni
1126 4746 1220 4809 pinguis
1231 4745 1333 4795 lundens
1344 4746 1445 4808 desuper

957 4840 1059 4896 Parum,
1069 4839 1142 4898 atque
1152 4834 1245 4884 modice
1258 4835 1380 4897 laevigato3
1391 4835 1545 4898 opobalsamo

958 4925 1033 4973 llinto
1043 4923 1218 4986 (perliquidum
1232 4924 1278 4973 iroc
1287 4924 1442 4974 commodum
1452 4927 1502 4985 cst)
1512 4962 1518 4985 ‚
1530 4931 1616 4976 cnnctn
1626 4929 1691 4977 arida

958 5017 1096 5074 inspergens
1102 5011 1240 5061 combibere
1251 5025 1336 5073 parurn
1346 5013 1481 5062 antidolnm
1490 5015 1568 5078 sinas;

958 5103 1002 5150 liei
1016 5099 1171 5150 lerrelactuni
1183 5099 1219 5148 bis
1229 5101 1296 5148 terve
1305 5101 1487 5166 superlundile;

958 5197 992 5238 ac
1001 5191 1085 5237 eniens
1094 5189 1228 5238 antidolnm
1241 5189 1317 5238 conde
1329 5191 1429 5252 pyxide,

959 5279 1059 5335 eralem
1073 5277 1182 5339 superins
1191 5278 1263 5338 panio
1274 5279 1315 5326 libi
1331 5279 1453 5340 recensnl;

960 5368 1050 5417 contra
1063 5365 1162 5417 adactos
1172 5367 1269 5417 eosdem
1278 5367 1362 5418 aedera
1375 5369 1418 5420 des
1427 5370 1507 5420 moda.
