4028 6042
62 431 230 504 {arn-³10.)

287 563 378 623 ΠΕΡΙ
400 565 650 628 ΠΟΛΥΠΟΔΟΣ.

152 693 307 777 Βορύιτατον
317 697 344 758 ii
358 697 403 758 καὶ
414 704 560 782 πανοῦργον
574 699 622 772 τὴν
635 698 722 784 ρύσιν,

141 783 192 842 καὶ
203 781 297 864 θερμὸν
309 787 344 851 είς
358 785 458 860 κίνησιν
469 787 624 870 ἀφροδισίων

65 891 126 932 1780
143 869 187 930 ἀεί
201 871 259 931 καθ’
272 875 357 954 ὑγρῶν
369 874 413 933 τὸν
424 874 560 935 πολύποδα
574 876 689 957 βλέπειν,

147 959 326 1042 αὐτοκράτορ,
336 961 438 1036 τέθηπα
449 968 495 1036 τῆς
509 963 666 1037 ἀπληστίας.

81 1050 120 1126 (α)
144 1048 235 1109 Ὅταν
246 1049 298 1130 γάρ
312 1055 330 1122 ἡ
345 1051 463 1110 θάλαττα
475 1051 557 1112 δεινόν
568 1076 593 1112 τι
611 1051 713 1134 βρύχῃ,

144 1137 194 1196 καί
208 1143 312 1214 πνεῦμα
326 1139 422 1199 πυκνδν
436 1139 479 1199 τὸν
494 1140 571 1221 βυθόν
583 1139 721 1223 διατρίχον

142 1226 174 1284 τὸ
188 1229 286 1307 βεῑθρον
297 1229 358 1309 ύψοῖ
370 1227 414 1287 καί
425 1227 524 1308 στροθῇ
535 1227 580 1289 καί
596 1231 708 1308 συγχέῃ,

69 1332 127 1370 inas
143 1313 227 1393 θήρας
241 1313 311 1394 άγων
322 1314 446 1394 ἄγευστον
456 1318 567 1375 ἐνταῦθα
578 1317 680 1398 χρόνον,

143 1400 239 1470 αύτούς
252 1406 345 1463 ἑαυτοῦ
359 1404 419 1472 τοὺς
428 1407 582 1484 πλοκάμους
594 1405 680 1466 ἐσθίει.

69 1491 76 1551 ί
83 1493 119 1564 ιιι)
143 1493 252 1571 Τρορῆς
261 1491 289 1550 δὲ
302 1491 389 1572 τυχὼν
403 1497 417 1552 δ
432 1493 539 1576 ρθοριίις
553 1493 706 1576 ἀλλοτρίας,

144 1575 210 1636 όταν
220 1577 306 1658 ἔχητδ
317 1582 414 1663 ῥεῖθρον
428 1581 522 1641 ὑπτίαν
533 1582 622 1663 χύσιν,

146 1665 177 1724 τὸ
190 1667 336 1741 δαπανηθὲν
352 1673 388 1737 είς
399 1670 547 1731 ἀνάπλασιν
562 1671 630 1752 φύει.

74 1771 129 1810 runo
147 1754 201 1812 list
213 1755 257 1814 τὸν
268 1755 315 1834 μὲν
330 1757 422 1838 ἐχθρδν
436 1762 550 1841 εὐχερῶς
562 1761 594 1818 ἂν
606 1759 727 1842 ἐκρύγοι,

141 1841 190 1913 τὴν
201 1842 261 1926 ὄψιν
271 1848 342 1926 αὐτῷ
352 1850 494 1926 γειτνιῶντι
507 1850 651 1908 λανθάνων·

71 1931 120 2006 (ιι)
139 1929 299 2010 δραξάμενος
312 1933 363 2013 γὰρ
372 1940 418 2008 τῆς
431 1937 604 2019 προκειμένης
618 1935 697 2012 θλης,

143 2017 258 2100 ἤμιιψεν
268 2020 351 2103 ἥνπερ
362 2012 417 2102 ε’ίχι
430 2022 533 2105 μορρὴν
547 2029 564 2096 ἡ
579 2022 666 2105 ρύσις,

144 2109 180 2173 ὡς
194 2109 238 2166 καί
248 2111 333 2168 δοκεῖν
344 2112 427 2170 ἐκεῖνο
438 2111 518 2192 τυχδν
531 2112 561 2170 τὸ
576 2111 650 2181 ξύλον

73 2216 127 2252 ιιι-ι
141 2195 159 2266 ἢ
172 2195 218 2255 τὸν
232 2197 350 2279 παρόντα
360 2200 431 2258 λίθον
443 2204 551 2282 ἀρθῆναι
567 2199 653 2278 μόνον.

143 2284 320 2364 Προκείμενος
330 2289 353 2344 δ’
366 2279 410 2346 adu
419 2292 457 2370 τῷ
467 2293 608 2370 παρεῖσθαι
621 2286 664 2346 τὸν
674 2284 746 2344 τόνον

73 2404 76 2427 ι
88 2373 118 2446 ιιι)
140 2373 171 2428 ἐκ
181 2377 228 2444 τῆς
239 2373 301 2454 περὶ
314 2375 358 2434 τόν
370 2367 472 2456 οἶστρον
487 2375 664 2448 ἀποπληξίας,

143 2458 183 2519 ἰού
198 2467 312 2543 θανατᾷ,
326 2463 375 2522 κάν
391 2463 491 2546 βραχύς
504 2465 583 2547 τριόῇ
593 2466 700 2546 χρόνος,

141 2549 246 2628 προθείς
259 2552 361 2625 ἑαυτὸν,
376 2555 450 2634 ἑστιᾷ
463 2552 521 2620 τοὺς
535 2554 686 2629 καρκίνους,

75 2657 129 2694 reso
140 2635 183 2703 οθς
196 2637 270 2708 ἤσθιε
279 2639 339 2720 πρὶν
353 2641 468 2720 ἀλλοχῶν
480 2641 525 2699 καί
533 2639 678 2719 συλλέγων.

145 2723 236 2784 Τίκτει
252 2725 279 2785 δέ
294 2731 392 2810 βῷστα,
405 2727 451 2788 καί
466 2731 562 2810 βραχεῖ
574 2731 684 2789 πλεῖστα
698 2731 799 2815 χρόνῳ,

75 2815 120 2888 (aa)
142 2812 186 2871 καί
200 2813 310 2894 νήχεται
324 2819 374 2885 ζῶν
388 2816 560 2898 εὐαρίθμητον
572 2817 637 2896 βίον.

141 2897 229 2960 Ὅταν
242 2904 269 2960 δὲ
280 2903 382 2982 χειμὼν
394 2905 439 2963 καὶ
449 2905 574 2987 δριμύτης
586 2897 603 2984 ᾖ
617 2905 732 2988 ψύχους,

142 2989 187 3047 καί
199 2991 341 3068 μειδιῶσαν
355 2984 428 3061 οθτος
440 2993 541 3074 αἰθρίαν
551 2993 615 3068 ἴδοι,

77 3098 128 3134 usum
143 3077 173 3135 τὸ
189 3082 286 3160 ῥεῖθρον
300 3080 372 3161 ἀφείς
383 3081 429 3140 καί
440 3081 470 3141 τὸ
484 3081 609 3160 σύννομον
619 3083 704 3162 γάνος,

143 3163 235 3232 ἔξεισιν
249 3169 283 3233 τίς
292 3167 340 3239 τὴν
355 3167 450 3249 χέρσον
462 3168 548 3251 ἕρπων
563 3174 598 3236 ὡς
607 3170 673 3252 όρις·

77 3257 123 3326 (νυ)
147 3253 192 3312 καλ
205 3253 304 3334 πέτραν
321 3257 412 3336 εὑρὼν,
427 3256 473 3316 καί
484 3257 570 3324 ταθείς
584 3259 628 3316 ἐπὶ
643 3258 743 3338 στόμα,

142 3345 198 3408 ταῖς
212 3345 334 3414 ἡλιακαῖς
348 3344 491 3425 ἐγχρονίζει
506 3346 639 3424 λαμπάσι·

146 3429 248 3509 δένδρου
259 3431 287 3492 τέ
297 3431 393 3499 παντὸς
408 3430 439 3490 ἂν
448 3431 591 3493 terdonen
603 3434 689 3508 θελοι,

79 3539 130 3582 pers»
142 3517 186 3575 καὶ
197 3524 273 3578 τοῦτο
284 3519 369 3602 τούτῳ
384 3523 488 3602 ῥᾷστον,
501 3523 536 3588 είς
549 3521 633 3602 ἕργμα
644 3521 751 3604 τρύγης.

145 3605 289 3686 ’λψάμενον
304 3609 332 3668 δέ
345 3607 464 3688 πηγάνου
478 3609 507 3668 τδ
521 3610 610 3690 θηρίον

80 3695 124 3770 (π.)
142 3693 265 3766 κινήσεως
280 3694 376 3778 ἔρημον
391 3695 576 3777 εὗθίιςεύρίθη.

461 3839 581 3856 —u-

294 3931 387 3991 HEPl
410 3933 631 3992 ΛΑΒΡΑΚΟΣ.

147 4058 253 4140 Λάύραξ
265 4059 292 4118 δέ
304 4060 401 4139 χανδὸν
412 4061 560 4129 ἐκπετάσας
572 4061 602 4121 τὸ
611 4061 711 4138 στόμα,

145 4151 249 4228 καρῖδας
265 4150 347 4230 αἱρεῖ,
361 4148 426 4229 πρὸς
435 4148 469 4207 τά
483 4149 577 4229 κε’ντρα
593 4148 631 4227 μὴ
645 4151 757 4230 βλέπειν.

84 4257 132 4296 irre
145 4237 251 4303 Ἰὀύτοις
261 4235 288 4295 δὲ
299 4242 345 4296 τοῦ
361 4235 491 4318 φάρυγγος
503 4235 675 4317 ἐξῳδηκότος,

147 4325 248 4398 θνήσκει
261 4325 470 4406 τρορῆςόλεθρον
482 4321 540 4393 ὀξύν
552 4324 682 4406 ἀρπάσας.

469 4468 594 4483 ψ

304 4557 399 4617 ΠΕΡΙ
420 4557 631 4620 Minnione.

148 4683 231 4744 Ὅταν
241 4683 328 4752 άλιεύς
337 4681 522 4753 ἐκτινάξαςτδν
536 4683 612 4763 βόλον

148 4769 285 4850 ὑποσπάση
296 4771 435 4854 μύραιναν,
451 4771 667 4852 Αύσονοκράτορ,

149 4863 179 4928 εἰς
196 4863 269 4920 πίθον
284 4863 384 4919 ἀντλῶν
397 4863 487 4938 ἀγνοεῖ
497 4858 687 4935 κεκλασμένον.

88 4948 173 5011 rsro‘ll
186 4946 232 5024 μὲν
248 4947 300 5028 γὰρ
311 4946 383 5014 εὐθύς
398 4947 450 5006 ἀπὸ
461 4946 567 5026 μετρίου
581 4944 662 5024 πόρου

100 5043 127 5114 (ι.)
148 5035 238 5104 διεξέδυ
250 5033 368 5102 σώζουσα
378 5033 423 5092 καὶ
433 5032 480 5101 τάς
493 5032 644 5110 συννόμους·

148 5123 197 5184 ddi
210 5122 314 5204 βλέπων
328 5121 422 5198 ίοιηιιε
435 5121 479 5182 τὸν
495 5121 590 5204 βρόχον
602 5119 700 5198 μάτην.

423 435 552 496 PHILAE
571 435 725 498 VERSUS
747 435 796 496 DE
817 435 1043 498 anninnlunl
1064 435 1348 498 annumereris.
1632 434 1664 482 ⁴³

1103 576 1157 628 ιω
1181 566 1250 646 (οη.
1272 569 1324 628 ne
1344 568 1506 632 rosseo.

913 711 1104 764 voracissimum
1113 713 1138 762 et
1149 710 1261 762 mudum
1273 714 1373 774 natura,

913 815 983 865 porro
991 800 1115 852 ardentem
1124 801 1149 850 ln
1157 805 1237 850 motus
1248 799 1379 850 amatorios

912 902 1007 954 semper
1014 891 1039 940 ln
1049 889 1122 940 undis
1132 887 1248 952 polypum
1259 887 1360 950 videns,

912 992 969 1040 rex,
980 977 1093 1042 obstupui
1105 978 1158 1040 sius
1167 977 1276 1028 renuam
1285 975 1463 1040 inexplebilem.

912 1068 972 1116 llam
981 1065 1079 1129 quando
1090 1078 1156 1116 mare
1163 1064 1295 1115 terribilem
1305 1064 1329 1114 in
1341 1063 1440 1114 modum
1451 1063 1541 1127 mugil,

911 1156 937 1204 ot
952 1153 1029 1218 spissa
1037 1152 1141 1217 proeella
1150 1151 1252 1202 laudum
1262 1164 1404 1216 pereorrens

912 1241 1002 1292 lluenta
1011 1241 1106 1292 extollit
1116 1244 1140 1291 et
1149 1243 1231 1292 versat
1239 1244 1264 1291 et
1275 1240 1374 1302 ruisset,

913 1333 965 1379 tum
975 1329 1015 1380 iile
1026 1332 1128 1379 venatus
1139 1328 1260 1388 lmetuum
1271 1341 1358 1394 expers
1368 1340 1440 1390 agam
1451 1333 1559 1392 tempus,
1669 1385 1672 1392 ,

913 1417 976 1481 ipsos
988 1415 1052 1466 rodit
1060 1417 1209 1467 oirrosauoa.

912 1503 1005 1556 Deinde
1016 1504 1070 1556 elbo
1079 1505 1170 1568 potitus
1179 1508 1305 1568 oormpior
1319 1503 1410 1565 alieno,

912 1593 1008 1658 quaudo
1019 1606 1085 1644 mare
1094 1596 1181 1644 enatos
1192 1591 1374 1654 denuntiabat,

911 1684 1082 1746 consumptum
1092 1683 1215 1745 regenerat
1225 1694 1268 1746 per
1281 1693 1370 1732 noram
1382 1679 1558 1731 formationem.

912 1774 990 1833 nique
1002 1769 1096 1820 Ιιοσιοιο
1108 1769 1178 1819 senile
1188 1767 1312 1832 adtigerit,

911 1857 1111 1922 appropinquanti
1121 1858 1204 1908 οουΙοε
1213 1857 1297 1906 lallens
1308 1871 1314 1906 :

911 1959 967 1996 uam
980 1949 1075 2009 arrepta
1084 1957 1139 2009 quaa
1147 1943 1326 2007 proximeiaost
1334 1928 1448 2004 materia,

911 2037 1222 2096 muialnaiuraeamquam
1237 2031 1341 2082 iubebat
1350 2032 1467 2093 formam,

910 2121 971 2172 adeo
982 2125 1010 2171 ut
1019 2120 1130 2171 viduetur
1138 2120 1211 2182 illud,
1223 2120 1283 2170 lorts
1290 2119 1381 2182 lignum

910 2211 953 2260 aot
963 2208 1073 2271 adiacens
1082 2221 1183 2270 saxum,
1195 2206 1300 2272 conspici
1312 2205 1399 2255 solum.

911 2299 1037 2350 Porrectus
1047 2298 1128 2346 aulem
1139 2309 1182 2360 per
1191 2307 1321 2345 nemorum
1330 2291 1502 2344 relaxationem

909 2399 940 2436 ox
948 2385 988 2435 illa
1000 2384 1030 2433 ad
1041 2383 1163 2433 libidinem
1173 2379 1283 2441 vasania,

910 2473 977 2523 sahi
989 2472 1114 2533 emuntur,
1127 2475 1165 2533 ei,
1177 2467 1274 2536 quando
1285 2467 1358 2518 breve
1367 2465 1427 2518 abiit
1435 2467 1546 2529 tempus,

910 2574 1044 2627 proponens
1055 2573 1082 2610 se
1093 2559 1173 2622 ipsum
1184 2555 1325 2608 convivium
1336 2554 1428 2619 praebet
1438 2553 1554 2614 murinis,

909 2665 970 2716 quos
977 2649 1107 2700 devorabat
1116 2651 1186 2698 autea
1195 2645 1311 2696 insidiens
1319 2646 1345 2695 et
1355 2643 1478 2706 colligens.

910 2739 974 2790 Parit
982 2736 1172 2798 autemsemtno
1181 2733 1293 2784 facillime
1302 2729 1700 2796 etplurimaiutrabreuetempus‚

909 2830 1007 2876 einatat
1016 2825 1101 2874 vivens
1110 2823 1208 2873 brevem
1218 2822 1303 2872 uitam.

909 2913 1012 2974 Quando
1021 2917 1104 2976 autem·
1112 2911 1190 2962 hiems
1201 2909 1294 2960 obtinet
1306 2910 1331 2960 et
1341 2906 1437 2971 frigoris
1447 2905 1577 2970 asperitas,

909 3008 982 3067 atque
991 3002 1030 3052 ille
1042 3000 1121 3051 ridens
1129 3011 1242 3050 aerenum
1250 2995 1380 3061 aliquando
1390 2994 1490 3056 uiderit,

910 3090 1005 3140 liuentis
1016 3086 1124 3142 dimissis
1138 3089 1164 3137 et
1174 3085 1316 3150 aquatilium
1326 3095 1426 3146 genere,

909 3178 959 3228 exii
970 3177 995 3226 in
1006 3175 1168 3226 continentem
1178 3185 1278 3237 serpens
1290 3171 1365 3221 ueluti
1375 3169 1474 3231 enguis3

909 3269 1008 3328 cipetra
1019 3263 1129 3324 inventa,
1142 3263 1166 3312 st
1176 3261 1201 3311 in
1210 3273 1238 3311 oa
1247 3259 1405 3323 provolutus,

909 3351 1027 3404 solaribus
1036 3351 1177 3400 immoratur
1191 3346 1302 3397 lacibus:

909 3441 981 3504 atquo
990 3439 1100 3488 arborem
1111 3447 1209 3486 omnem
1219 3432 1347 3485 escendere
1356 3432 1415 3482 velit
1473 3455 1478 3466 ·

909 3529 943 3592 (et
952 3530 991 3578 est
1001 3527 1047 3577 Ιιοσ
1057 3526 1079 3576 ei
1090 3523 1241 3585 facillimum)
1249 3521 1280 3572 ad
1291 3533 1353 3585 opus
1364 3519 1512 3571 oolleolionis
1523 3520 1629 3583 frugum}

909 3615 1011 3676 Quando
1021 3619 1103 3664 autem
1116 3613 1162 3662 hoe
1172 3609 1260 3662 animal
1268 3615 1348 3660 rutam
1359 3609 1451 3672 tetigit,

910 3709 977 3756 motu
986 3716 1089 3754 saeuum
1098 3701 1161 3753 illioo
1170 3701 1243 3763 isaei.

1243 3835 1357 3852 1-

1041 3939 1094 3990 1os
1118 3929 1188 4007 με).
1212 3928 1265 3987 ne
1286 3926 1389 3988 auro
1411 3924 1579 3987 manino.

909 4073 992 4133 Lupus
1004 4081 1063 4119 uero
1073 4065 1276 4130 hiandoapeuieue
1284 4077 1313 4115 os

910 4157 1010 4222 squillas
1019 4155 1096 4220 oepit,
1106 4153 1202 4206 aculeos
1211 4165 1294 4204 aarum
1306 4165 1354 4202 non
1366 4149 1503 4215 respiciens.

910 4247 1041 4296 Hirsutum
1051 4243 1073 4294 ei
1083 4244 1163 4293 lauces
1173 4241 1214 4293 ubi
1225 4241 1405 4299 lutumuerunt,

910 4333 1012 4384 moritur
1020 4331 1091 4384 celeri
1099 4331 1202 4395 pernicie
1211 4329 1258 4380 cibi
1268 4333 1371 4392 arrepta.

1244 4463 1348 4475 ..-—-

1092 4573 1145 4624 ιοι
1168 4563 1238 4639 (so).
1262 4555 1314 4621 DE
1336 4557 1522 4620 MURAENA.

910 4699 1012 4760 Quando
1021 4699 1124 4764 pisoator
1135 4697 1225 4749 emisso
1234 4696 1278 4746 reti
1288 4693 1367 4758 jaculo

910 4788 1036 4840 attraxerit
1044 4798 1192 4847 muraenam,
1204 4783 1334 4847 imperator
1346 4786 1485 4841 Ausonum,

909 4876 986 4926 nescit
996 4889 1023 4926 se
1032 4873 1056 4924 in
1069 4874 1171 4923 tractum
1181 4870 1272 4921 dolium
1284 4882 1371 4932 aquam
1381 4879 1516 4930 congerere.

912 4963 954 5013 illa
965 4962 1029 5012 enim
1043 4959 1124 5010 statim
1135 4971 1166 5008 ex
1180 4955 1274 5006 modico
1286 4955 1401 5005 toramine

910 5051 1010 5100 rialsiiur
1019 5053 1043 5098 ei
1054 5049 1133 5096 servat
1143 5041 1215 5094 etiem
1223 5041 1329 5106 gregales
1340 5059 1346 5093 ι

909 5142 935 5187 ai
946 5139 991 5186 iste
1000 5137 1049 5186 stat
1059 5133 1179 5184 ineassum
1190 5130 1309 5194 aspiciens
1320 5141 1442 5194 sagenam.
