4022 6084
847 343 1059 403 PRAEFATIO.
1667 365 1750 407 xxut

136 473 249 542 dicam,
269 466 399 527 mutandi
419 465 540 545 prurigo
554 483 604 523 eos
620 465 743 535 invasit,
764 465 804 522 ita
819 479 851 523 ut
870 465 919 523 hic
966 481 1027 526 erat
1034 469 1203 540 emendatu,
1215 469 1307 526 altero
1316 467 1362 539 11,
1377 471 1434 546 439
1444 469 1509 548 ῥέζει
1518 471 1543 527 ἐν
1554 472 1750 552 primopede,

136 579 256 637 quoqne
268 579 296 636 p.
312 576 431 616 xvi-xix
439 557 584 629 ingentem
600 551 833 629 conjecturarum
843 553 919 612 eifu-
966 577 1051 632 quem
1064 570 1096 615 ut
1107 556 1149 616 ib.
1164 559 1222 632 349
1234 559 1327 628 αὐτοῦ,
1339 560 1383 628 ὡς,
1396 559 1451 627 364
1464 557 1561 638 φθείρει
1575 560 1690 620 Ἠελίοιο
1704 575 1752 619 to·

135 649 234 706 derint
247 665 417 716 numerum,
435 663 507 721 quas
525 643 654 717 singulas
675 640 801 698 refutare
816 641 920 700 inutile
965 645 1115 704 lerandum
1129 647 1274 705 existimo.
1291 646 1347 704 Sed
1365 646 1576 705 dubitationem
1591 647 1639 707 hic
1659 669 1752 728 nuper

135 735 191 808 e‘st,
201 756 290 813 quum
301 755 337 792 ne
347 732 530 810 unaqnidem
541 751 577 788 ex
585 732 623 788 iis
632 729 808 788 admittenda
815 731 862 788 sit.
875 731 921 787 Di·
966 733 1055 790 movit
1066 735 1114 790 vir
1128 753 1248 791 summae
1260 735 1439 793 auctoritatis
1452 733 1609 807 Luranius,
1624 736 1707 813 cujus
1720 738 1752 798 in

135 837 206 883 cunt
220 823 337 902 quidem
355 844 386 900 p.
401 841 470 894 xxx,
487 839 517 878 se
530 831 642 898 partem
655 837 754 875 earum
774 816 918 894 conjectu·
965 821 1011 880 his
1027 821 1115 880 rebus
1129 821 1264 881 subtilem
1278 835 1307 880 et
1323 821 1492 898 diligentem
1506 821 1639 901 ἀκρίὸειαν
1655 825 1752 884 admi-

135 933 235 972 rarum
250 932 309 972 non
324 922 479 990 propterea
498 909 701 987 proposuisse,
721 909 801 983 quod
823 925 919 962 cense·
966 911 1024 967 rari
1038 911 1152 968 facilius
1162 923 1204 968 est
1219 929 1304 986 quam
1322 911 1470 983 aemulari,
1488 911 1519 969 in
1535 914 1640 984 Quoert.
1655 917 1749 989 Epc'cc

135 1016 258 1062 remeas
269 1001 301 1060 in
312 1013 477 1060 contextum
488 996 681 1075 recipiendas,
698 1022 711 1047 ι
723 995 773 1052 sed
783 1007 815 1052 nt
824 1007 919 1051 osten·
964 989 1005 1072 p.¹
1019 999 1139 1070 278-81.
1156 997 1269 1055 Etenim
1287 997 1399 1075 exejus
1414 999 1526 1070 hiatus,
1541 1000 1592 1077 qui
1606 1000 1638 1058 fit
1654 1002 1751 1060 vocali

134 1092 254 1164 derent‚
270 1109 357 1168 quam
374 1087 456 1147 facile
471 1086 534 1144 ficri
557 1085 701 1162 potuerit,
724 1096 756 1140 ut
774 1085 874 1138 scribta
889 1081 919 1138 id
965 1089 1051 1161 longa
1064 1086 1096 1143 in
1113 1085 1173 1144 arsi
1192 1085 1303 1163 posita,
1318 1087 1433 1144 ratione
1451 1100 1480 1146 ct
1495 1088 1682 1147 multitudine
1699 1089 1752 1148 de-

134 1199 227 1255 genus
247 1179 387 1238 vitiorum
402 1172 582 1234 carminibus
595 1172 736 1231 inferrent
750 1197 774 1228 ι.
793 1173 830 1228 At
849 1189 919 1227 vero
965 1187 1155 1232 monstratum
1174 1173 1246 1246 ivit,
1261 1173 1347 1231 etiam
1362 1173 1415 1233 hos
1429 1189 1489 1234 tres
1510 1174 1604 1234 libros
1618 1177 1753 1252 singulos

134 1267 191 1326 hoc
205 1281 248 1326 est
261 1266 377 1338 indere,
396 1284 455 1323 non
469 1281 603 1322 exercerc
615 1261 762 1330 criticam,
778 1278 863 1336 quetp
878 1259 919 1315 ln·
965 1263 1089 1336 singuiis
1113 1261 1214 1319 deberi
1235 1261 1414 1322 auctoribus.
1432 1262 1471 1320 Ut
1486 1283 1586 1321 verum
1606 1264 1707 1338 fatear,
1725 1268 1751 1326 si

134 1377 199 1416 sum
208 1371 268 1416 tum
277 1369 388 1414 tantum
396 1351 563 1431 probarem,
573 1351 597 1408 si
605 1348 799 1408 eonstendere
809 1348 918 1405 voluis·
964 1353 1031 1428 quis
1041 1352 1115 1409 alius
1124 1350 1200 1408 hanc
1208 1349 1300 1408 solam
1310 1352 1348 1406 ob
1358 1370 1475 1409 causam
1486 1365 1651 1424 auctorem,
1663 1373 1752 1430 quent

134 1460 214 1518 sent,
228 1466 315 1525 quarn
332 1443 415 1502 facile
427 1442 491 1500 fieri
503 1441 662 1518 potuisset,
676 1451 709 1495 ut
719 1450 804 1513 poeta
815 1437 879 1513 ipse
889 1437 918 1494 id
965 1460 1054 1497 unum
1081 1458 1144 1497 esse
1166 1452 1225 1497 tam
1254 1439 1354 1497 multis
1384 1440 1549 1517 validisque
1572 1446 1752 1517 argumentis

133 1555 226 1610 genus
237 1536 376 1594 vitiorum
392 1540 506 1590 vitaret.
520 1527 605 1588 Unde
619 1529 710 1586 multo
724 1525 846 1605 pronius
858 1540 921 1583 erat
965 1528 1243 1600 demonstravimus,
1268 1526 1434 1604 discerpere
1459 1541 1626 1601 conaretur,
1648 1548 1752 1608 exspe-

134 1624 171 1681 ad
181 1623 429 1694 concludendum,
443 1621 564 1678 Atticam
575 1617 787 1694 correptionem
798 1613 844 1672 his
854 1634 920 1691 poe·
965 1629 1088 1688 ctarem,
1109 1616 1203 1674 donec
1227 1615 1284 1674 alia
1304 1616 1390 1673 etiam
1413 1617 1540 1674 afferret.
1564 1616 1620 1676 Sed
1636 1617 1754 1678 Lehrsii

135 1713 173 1769 tis
185 1712 226 1769 ita
240 1713 271 1770 in
282 1711 399 1769 deliciis
410 1709 509 1779 fuisse,
520 1705 757 1780 ut,ubicumque
766 1701 919 1779 optiodata
964 1717 1075 1763 tantum
1091 1705 1169 1782 apud
1189 1723 1236 1762 me
1253 1705 1331 1762 valet
1343 1705 1515 1777 auctoritas,
1534 1719 1567 1764 ut
1580 1706 1655 1765 hanc
1669 1727 1751 1782 quae·
1814 1713 1819 1720 '

134 1802 189 1871 sit,
205 1821 267 1860 eam
282 1801 381 1880 potius
394 1803 582 1874 quaesiverint,
596 1814 682 1872 quam
697 1799 837 1849 evitarint.
964 1794 1087 1851 stionem
1100 1793 1135 1850 de
1146 1793 1261 1868 integro
1271 1792 1456 1870 repetendam
1469 1813 1612 1871 censeam,
1623 1815 1660 1852 ne
1671 1795 1751 1872 quod

174 1889 329 1948 Possemus
341 1885 390 1946 hic
412 1877 510 1954 finiie,
525 1904 613 1962 quum
625 1883 710 1941 etiam
722 1881 785 1958 ejus
808 1880 918 1951 hiatus,
964 1882 1015 1938 ilie
1036 1881 1111 1938 dixit
1125 1881 1289 1956 neglexisse
1308 1881 1419 1942 videar.
1434 1880 1583 1960 Optimum
1595 1897 1690 1942 autem
1703 1884 1752 1942 vi-

134 1999 221 2056 quem
242 1979 333 2054 vulgo
356 1978 387 2035 in
410 1973 649 2051 disceptationem
675 1989 780 2029 nccare
807 1969 916 2039 solent,
965 1971 1061 2039 detur,
1078 1967 1281 2027 omniaexhis
1293 1967 1388 2027 tribus
1400 1970 1488 2028 libris
1499 1970 1596 2030 hiatus
1605 1971 1750 2049 exempla,

133 2070 268 2145 exempla
276 2088 305 2146 p.
322 2085 444 2124 xiv-xm
455 2077 588 2122 accurate
601 2061 721 2119 collecta
733 2071 762 2116 et
773 2058 919 2135 disputata
964 2077 1029 2132 quac
1047 2056 1079 2114 in
1093 2069 1193 2114 nostra
1206 2055 1336 2115 editione
1349 2057 1499 2132 leguntur,
1519 2057 1605 2134 juxta
1625 2077 1750 2136 ponere,

133 2157 208 2228 sint,
218 2153 411 2214 duobuslocis
420 2151 542 2223 relictis,
551 2149 670 2220 uncili,
685 2169 753 2220 277,
765 2147 816 2224 qui
825 2146 918 2204 facilis
937 2186 945 2198 .
965 2145 1069 2202 ordine
1083 2145 1228 2202 vocalium
1244 2145 1397 2220 disposita.

297 2359 340 2447 tic
354 2396 428 2446 Ltirn
438 2393 570 2445 Secundo:

131 2587 146 2626 η
161 2570 278 2630 sequente
294 2583 310 2615 ιι
321 2568 392 2614 vacat
451 2571 452 2574 ’

133 2705 145 2726 ν
213 2712 242 2721 -
297 2684 370 2731 174
388 2681 456 2743 μοίρῃ
468 2681 509 2729 ἔνι.

328 2749 371 2792 142
388 2743 496 2804 γενέθλη,
511 2743 570 2791 ἐπεί.

133 2827 145 2852 c
211 2837 241 2848 -
298 2810 372 2854 6217
390 2809 417 2868 if}
431 2805 479 2853 dni.

133 2891 145 2912 u
213 2899 241 2908 -
298 2886 312 2915 ν
329 2871 373 2916 tta
391 2869 556 2930 ὰποχαζομένη
565 2868 703 2930 Ὑπερίονος,

132 3076 145 3098 ι
211 3081 243 3092 -
303 3072 323 3102 ω
341 3057 420 3102 vacat.

963 2391 1047 2439 nertio
1058 2402 1067 2435 .·

779 2564 823 2607 266
840 2563 903 2620 κακῇ
913 2557 1027 2610 ἄλληκτοι.

779 2625 824 2668 465
841 2621 936 2681 γενέθλη
950 2619 1040 2678 ἄφεσις.

795 2687 826 2731 75
844 2681 904 2742 atat
918 2680 1005 2744 πάτρῃ.

781 2811 827 2855 269
843 2811 931 2870 κρατῇ,
942 2805 1018 2860 ὀλοὸς.

845 2871 916 2916 vacat

845 3057 924 3104 necat.

132 3236 175 3284 ttis
185 3233 240 3284 addi
251 3234 328 3298 piacet
337 3233 447 3295 exempta
457 3232 529 3294 hujus
541 3233 631 3282 vocalis
640 3245 683 3296 pet·
693 3233 861 3296 perticatamt
874 3235 939 3282 iacta

302 3452 344 3498 Ec
356 3447 431 3498 Libro
441 3447 556 3498 secando
569 3465 578 3498 .·

877 3495 884 3506 ,
956 3452 1058 3500 Tertio:

1468 2391 1564 2439 sato:

1301 2507 1331 2554 45
1348 2503 1461 2562 Σεληναίη
1473 2503 1592 2564 ἀφίκηται.

1287 2571 1330 2616 217
1348 2567 1406 2625 γννὴ
1421 2566 1526 2628 ἀθερίζει.

1287 2633 1331 2674 2211
1349 2627 1462 2690 Σεληναίη
1473 2627 1578 2691 ἀλόχοις.

1286 2696 1332 2738 606
1348 2691 1415 2752 Μήνη
1427 2689 1588 2754 ἐπιμάρτυρος.

1348 2807 1426 2854 vacat.

1286 2873 1329 2916 561
1349 2867 1417 2925 Μήνη
1428 2867 1495 2929 incip.

1287 2933 1333 2977 698
1352 2929 1465 2985 Σεληναίη
1476 2929 1595 2991 ὑπόγειον.

1287 2993 1332 3039 729
1348 2995 1411 3054 11κῇ
1421 2990 1476 3040 ὑπό.

1287 3058 1332 3102 an
1349 3053 1415 3115 144,
1426 3053 1497 3116 apo.

1470 3449 1569 3498 sento:

780 3568 826 3613 424
843 3564 910 3624 ini.

329 3633 375 3676 436
391 3628 461 3685 ὴέτι.
942 3675 947 3686 ,
1300 3629 1329 3672 55
1346 3623 1455 3686 ὴέτέρῳ.

1300 3689 1331 3734 96
1347 3685 1495 3747 ὴέτὶφοισιν.

797 3755 825 3800 58
842 3753 917 3810 ἢένα.

780 3819 825 3862 222
842 3816 946 3876 ἢόμέν.
1419 3859 1422 3864 Δ

780 3881 824 3924 235
842 3878 914 3935 ἣὸτέ.
1285 3875 1331 3920 316
1347 3872 1362 3930 ἣ
1376 3870 1451 3920 ὁπότ’.

781 3945 826 3986 2116
842 3942 857 3998 ἢ
872 3940 921 4000 ὅγε.
1048 3963 1052 3972 ·
1285 3938 1331 3982 tta
1347 3933 1478 3992 ἢόσσοισι.

781 4007 826 4048 268
843 4002 928 4060 itini.

129 4089 150 4117 ω
165 4065 283 4128 sequente
293 4079 326 4110 n:
345 4066 390 4112 363
407 4067 496 4127 κρυερῷ
506 4061 624 4123 ἀλέγοντες
843 4066 921 4112 vacat.
1287 4061 1332 4107 249
1350 4057 1434 4121 Ἠελίῳ
1446 4057 1476 4120 dp

1285 4123 1331 4168 644
1345 4121 1410 4179 ἄφνω
1420 4119 1588 4181 ἀπενόσφισεν.

133 4217 143 4234 ,.
206 4219 238 4228 -—
288 4207 298 4238 ε
843 4191 921 4236 vacat.
1302 4189 1331 4232 34
1348 4183 1462 4245 ὠφονόριρ
1475 4181 1591 4244 έπιτέλλη.

320 4254 399 4301 teeti.
1290 4244 1421 4305 111ῷένι.

1289 4311 1327 4356 141
1365 4305 1488 4367 αλεπῷέν.

1288 4373 1331 4418 176
1376 4371 1435 4430 cotti
1445 4366 1487 4415 itt.

1286 4437 1330 4478 224
1347 4431 1424 4492 τρέψω
1433 4430 1520 4490 ἑτέρην.

1286 4499 1331 4540 362
1348 4491 1402 4554 ζῴῳ
1412 4490 1442 4538 έν.

1287 4559 1330 4602 637
1348 4552 1471 4615 αἰπντάτῳ
1482 4551 1621 4609 ἐφέπωνται.

1287 4621 1331 4664 250
1348 4615 1401 4678 ζῴῳ
1414 4615 1519 4690 inpract-

1286 4683 1327 4726 261
1349 4679 1388 4726 itai
1402 4677 1458 4726 ἀπο.

1286 4747 1331 4788 266
1348 4739 1471 4801 φαίνηται,
1481 4737 1559 4793 αὐτός.

129 4834 149 4864 ει
214 4843 245 4851 -
277 4815 374 4865 οιῑ415
389 4814 477 4877 μινύθει
488 4813 552 4862 οἷκον
843 4813 922 4859 vacat.
1348 4804 1428 4850 146111.

129 4897 152 4927 ot
214 4907 245 4918 -
273 4895 297 4927 αι
321 4880 400 4928 vacui.
781 4879 827 4924 366
844 4873 1009 4936 ἆμειὸὀμενοι,
1022 4870 1077 4918 edei.
1349 4866 1427 4912 vacat.

79 4981 85 4997 .
132 4968 143 4983 ἰ
210 4971 242 4984 -
288 4944 402 4991 cvacat.
782 4941 827 4984 466
844 4936 936 4995 ἠοῑένι.
1350 4929 1427 4974 vacat.

131 5029 141 5046 ··
211 5031 241 5039 —
285 5007 399 5053 ctacat.
844 5002 924 5046 vacat.
1287 4990 1362 5036 4221
1429 4985 1630 5064 χόοι,ὀχετηγοί.

128 5085 158 5115 ον
213 5093 244 5102 -
285 5087 300 5116 α
322 5071 406 5124 vacat,
423 5065 466 5114 nini
785 5067 829 5112 144
846 5057 1100 5124 ἀνερχομένονἈφιος.
1288 5055 1332 5100 297
1350 5053 1390 5100 ἑοῦ
1418 5065 1458 5098 πο.

330 5135 374 5180 :itt
394 5129 574 5193 βιότονᾶραει
588 5126 735 5184 111111141-
1106 5175 1112 5184 ι

368 5197 444 5242 ctum
781 5191 827 5236 342
845 5185 926 5248 βιότου
938 5185 1057 5245 ἀνέφηνεν.

132 4653 142 4668 ··
211 4659 241 4669 -
292 4629 396 4678 tracat.
843 4625 923 4672 vacat.

129 4709 154 4738 οιι
213 4720 244 4730 -
282 4707 299 4740 α
316 4694 395 4740 vacat.
781 4692 824 4736 331
843 4687 976 4748 γίγνονται,
989 4683 1115 4748 ἀναφανδά.

1287 5121 1331 5162 526
1349 5111 1504 5176 μεσουρανέον
1513 5111 1570 5161 ἀπό.

1286 5181 1333 5225 546
1350 5176 1507 5239 inpropriae
1518 5171 1579 5234 dpa.
