<?xml version="1.0" encoding="UTF-8"?>
<!DOCTYPE html PUBLIC "-//W3C//DTD XHTML 1.0 Transitional//EN"
    "http://www.w3.org/TR/xhtml1/DTD/xhtml1-transitional.dtd">
<html xmlns="http://www.w3.org/1999/xhtml" xml:lang="en" lang="en">
 <head>
  <title>
</title>
<meta http-equiv="Content-Type" content="text/html;charset=utf-8" />
  <meta name='ocr-system' content='tesseract 3.04.00' />
  <meta name='ocr-capabilities' content='ocr_page ocr_carea ocr_par ocr_line ocrx_word'/>
</head>
<body>
  <div class='ocr_page' id='page_1' title='image "./poetbucolicietd00theogoog_0440.png"; bbox 0 0 3992 6078; ppageno 0'>
   <div class='ocr_carea' id='block_1_1' title="bbox 529 437 1234 518">
    <p class='ocr_par' dir='ltr' id='par_1_1' title="bbox 529 437 1234 518">
     <span class='ocr_line' id='line_1_1' title="bbox 529 437 1234 518; baseline 0.011 -20"><span class='ocrx_word' id='word_1_1' title='bbox 529 437 743 502; x_wconf 75' lang='lat' dir='ltr'><strong>danninum</strong></span> <span class='ocrx_word' id='word_1_2' title='bbox 768 442 1001 505; x_wconf 78' lang='lat' dir='ltr'><strong>MEDICORUM</strong></span> <span class='ocrx_word' id='word_1_3' title='bbox 1024 443 1234 518; x_wconf 83' lang='lat' dir='ltr'><strong>RELIQUIAE.</strong></span> 
     </span>
    </p>
   </div>
   <div class='ocr_carea' id='block_1_2' title="bbox 65 559 759 1620">
    <p class='ocr_par' dir='ltr' id='par_1_2' title="bbox 65 559 759 1620">
     <span class='ocr_line' id='line_1_2' title="bbox 122 559 633 642; baseline -0.002 -23"><span class='ocrx_word' id='word_1_4' title='bbox 122 563 170 626; x_wconf 82' lang='grc' dir='ltr'>Εἷς</span> <span class='ocrx_word' id='word_1_5' title='bbox 184 560 231 632; x_wconf 77' lang='grc' dir='ltr'>τὴν</span> <span class='ocrx_word' id='word_1_6' title='bbox 245 560 365 642; x_wconf 79' lang='grc' dir='ltr'>ἰατρικήν</span> <span class='ocrx_word' id='word_1_7' title='bbox 376 583 403 618; x_wconf 87' lang='grc' dir='ltr'>τε</span> <span class='ocrx_word' id='word_1_8' title='bbox 416 559 633 642; x_wconf 82' lang='grc' dir='ltr'>χρησιμώτατον·</span> 
     </span>
     <span class='ocr_line' id='line_1_3' title="bbox 128 649 759 732; baseline 0 -24"><span class='ocrx_word' id='word_1_9' title='bbox 128 649 182 708; x_wconf 77' lang='grc' dir='ltr'>Καὶ</span> <span class='ocrx_word' id='word_1_10' title='bbox 197 653 251 716; x_wconf 85' lang='grc' dir='ltr'>τοῖς</span> <span class='ocrx_word' id='word_1_11' title='bbox 266 653 354 714; x_wconf 84' lang='grc' dir='ltr'>ποτοῖς</span> <span class='ocrx_word' id='word_1_12' title='bbox 366 649 417 728; x_wconf 72' lang='grc' dir='ltr'>χδιρ</span> <span class='ocrx_word' id='word_1_13' title='bbox 432 649 578 730; x_wconf 82' lang='grc' dir='ltr'>φαρμάκοις</span> <span class='ocrx_word' id='word_1_14' title='bbox 593 651 759 732; x_wconf 75' lang='grc' dir='ltr'>κεράννυται,</span> 
     </span>
     <span class='ocr_line' id='line_1_4' title="bbox 123 735 651 818; baseline 0.002 -23"><span class='ocrx_word' id='word_1_15' title='bbox 123 735 179 795; x_wconf 76' lang='grc' dir='ltr'>Καὶ</span> <span class='ocrx_word' id='word_1_16' title='bbox 193 744 274 794; x_wconf 88' lang='grc' dir='ltr'>τοῖσιν</span> <span class='ocrx_word' id='word_1_17' title='bbox 290 737 439 794; x_wconf 81' lang='grc' dir='ltr'>ἑλκωθεῖσιν</span> <span class='ocrx_word' id='word_1_18' title='bbox 451 740 570 816; x_wconf 87' lang='grc' dir='ltr'>ὠφέλημ’</span> <span class='ocrx_word' id='word_1_19' title='bbox 586 737 651 818; x_wconf 83' lang='grc' dir='ltr'>ἔχει,</span> 
     </span>
     <span class='ocr_line' id='line_1_5' title="bbox 123 823 709 908; baseline 0.005 -26"><span class='ocrx_word' id='word_1_20' title='bbox 123 823 172 883; x_wconf 83' lang='grc' dir='ltr'>Ἐν</span> <span class='ocrx_word' id='word_1_21' title='bbox 185 825 242 890; x_wconf 79' lang='grc' dir='ltr'>ταῖς</span> <span class='ocrx_word' id='word_1_22' title='bbox 256 824 407 890; x_wconf 79' lang='grc' dir='ltr'>συνουσίαις</span> <span class='ocrx_word' id='word_1_23' title='bbox 419 849 446 882; x_wconf 90' lang='grc' dir='ltr'>τε</span> <span class='ocrx_word' id='word_1_24' title='bbox 460 829 516 890; x_wconf 85' lang='grc' dir='ltr'>ταῖς</span> <span class='ocrx_word' id='word_1_25' title='bbox 530 831 589 883; x_wconf 86' lang='grc' dir='ltr'>καθ’</span> <span class='ocrx_word' id='word_1_26' title='bbox 608 829 709 908; x_wconf 78' lang='grc' dir='ltr'>ἡμέραν</span> 
     </span>
     <span class='ocr_line' id='line_1_6' title="bbox 80 913 711 995; baseline 0.003 -23"><span class='ocrx_word' id='word_1_27' title='bbox 80 936 107 972; x_wconf 84' lang='lat' dir='ltr'><strong>io</strong></span> <span class='ocrx_word' id='word_1_28' title='bbox 120 915 185 978; x_wconf 82' lang='grc' dir='ltr'>Τοῖς</span> <span class='ocrx_word' id='word_1_29' title='bbox 198 917 245 992; x_wconf 81' lang='grc' dir='ltr'>μέν</span> <span class='ocrx_word' id='word_1_30' title='bbox 259 913 364 992; x_wconf 88' lang='grc' dir='ltr'>μέτριον</span> <span class='ocrx_word' id='word_1_31' title='bbox 377 913 480 973; x_wconf 89' lang='grc' dir='ltr'>πίνουσι</span> <span class='ocrx_word' id='word_1_32' title='bbox 493 916 538 972; x_wconf 84' lang='grc' dir='ltr'>καί</span> <span class='ocrx_word' id='word_1_33' title='bbox 550 917 711 995; x_wconf 81' lang='grc' dir='ltr'>κεκραμένον</span> 
     </span>
     <span class='ocr_line' id='line_1_7' title="bbox 125 1001 655 1084; baseline 0 -24"><span class='ocrx_word' id='word_1_34' title='bbox 125 1001 276 1077; x_wconf 82' lang='grc' dir='ltr'>Εὐθυμίαν·</span> <span class='ocrx_word' id='word_1_35' title='bbox 296 1002 340 1060; x_wconf 81' lang='grc' dir='ltr'>ἐδιν</span> <span class='ocrx_word' id='word_1_36' title='bbox 355 1001 377 1060; x_wconf 85' lang='grc' dir='ltr'>δ’</span> <span class='ocrx_word' id='word_1_37' title='bbox 390 1001 550 1082; x_wconf 80' lang='grc' dir='ltr'>ῦπερόάλῃς,</span> <span class='ocrx_word' id='word_1_38' title='bbox 566 1003 655 1084; x_wconf 80' lang='grc' dir='ltr'>ῦῦριν·</span> 
     </span>
     <span class='ocr_line' id='line_1_8' title="bbox 122 1089 724 1170; baseline 0.002 -22"><span class='ocrx_word' id='word_1_39' title='bbox 122 1089 190 1148; x_wconf 73' lang='grc' dir='ltr'>Ἐὰν</span> <span class='ocrx_word' id='word_1_40' title='bbox 203 1093 225 1148; x_wconf 88' lang='grc' dir='ltr'>δ’</span> <span class='ocrx_word' id='word_1_41' title='bbox 240 1091 296 1148; x_wconf 84' lang='grc' dir='ltr'>ἴσον</span> <span class='ocrx_word' id='word_1_42' title='bbox 309 1091 358 1170; x_wconf 79' lang='grc' dir='ltr'>ίσιρ</span> <span class='ocrx_word' id='word_1_43' title='bbox 373 1089 518 1170; x_wconf 83' lang='grc' dir='ltr'>προσφέρῃ,</span> <span class='ocrx_word' id='word_1_44' title='bbox 532 1091 628 1166; x_wconf 87' lang='grc' dir='ltr'>μανίαν</span> <span class='ocrx_word' id='word_1_45' title='bbox 643 1103 724 1151; x_wconf 81' lang='grc' dir='ltr'>ποιεί·</span> 
     </span>
     <span class='ocr_line' id='line_1_9' title="bbox 122 1177 754 1258; baseline 0.002 -20"><span class='ocrx_word' id='word_1_46' title='bbox 122 1177 187 1238; x_wconf 84' lang='grc' dir='ltr'>Ἐόιν</span> <span class='ocrx_word' id='word_1_47' title='bbox 205 1182 228 1236; x_wconf 83' lang='grc' dir='ltr'>δ’</span> <span class='ocrx_word' id='word_1_48' title='bbox 243 1178 370 1258; x_wconf 79' lang='grc' dir='ltr'>ἄκρατον,</span> <span class='ocrx_word' id='word_1_49' title='bbox 386 1179 534 1258; x_wconf 89' lang='grc' dir='ltr'>παράλυσιν</span> <span class='ocrx_word' id='word_1_50' title='bbox 543 1184 595 1238; x_wconf 80' lang='grc' dir='ltr'>τῶν</span> <span class='ocrx_word' id='word_1_51' title='bbox 615 1182 754 1258; x_wconf 85' lang='grc' dir='ltr'>σωμάτων.</span> 
     </span>
     <span class='ocr_line' id='line_1_10' title="bbox 120 1264 717 1346; baseline 0.005 -22"><span class='ocrx_word' id='word_1_52' title='bbox 120 1264 170 1324; x_wconf 77' lang='grc' dir='ltr'>Διό</span> <span class='ocrx_word' id='word_1_53' title='bbox 180 1265 226 1324; x_wconf 82' lang='grc' dir='ltr'>καὶ</span> <span class='ocrx_word' id='word_1_54' title='bbox 239 1266 375 1324; x_wconf 86' lang='grc' dir='ltr'>καλεῖσθαι</span> <span class='ocrx_word' id='word_1_55' title='bbox 387 1266 431 1324; x_wconf 80' lang='grc' dir='ltr'>τόν</span> <span class='ocrx_word' id='word_1_56' title='bbox 445 1267 568 1326; x_wconf 86' lang='grc' dir='ltr'>Διόνυσον</span> <span class='ocrx_word' id='word_1_57' title='bbox 580 1275 717 1346; x_wconf 78' lang='grc' dir='ltr'>πανταχοῦ</span> 
     </span>
     <span class='ocr_line' id='line_1_11' title="bbox 79 1351 411 1433; baseline 0.006 -23"><span class='ocrx_word' id='word_1_58' title='bbox 79 1373 104 1411; x_wconf 85' lang='lat' dir='ltr'><strong>m</strong></span> <span class='ocrx_word' id='word_1_59' title='bbox 119 1351 266 1433; x_wconf 80' lang='grc' dir='ltr'>Ἰατρόν·η</span> <span class='ocrx_word' id='word_1_60' title='bbox 281 1353 308 1412; x_wconf 76' lang='grc' dir='ltr'>δὲ</span> <span class='ocrx_word' id='word_1_61' title='bbox 323 1353 411 1414; x_wconf 87' lang='grc' dir='ltr'>Πυθία</span> 
     </span>
     <span class='ocr_line' id='line_1_12' title="bbox 120 1439 662 1520; baseline 0 -20"><span class='ocrx_word' id='word_1_62' title='bbox 120 1439 222 1519; x_wconf 79' lang='grc' dir='ltr'>Είρηκέ</span> <span class='ocrx_word' id='word_1_63' title='bbox 239 1463 291 1499; x_wconf 85' lang='grc' dir='ltr'>τισι</span> <span class='ocrx_word' id='word_1_64' title='bbox 301 1441 424 1500; x_wconf 87' lang='grc' dir='ltr'>Διόνυσον</span> <span class='ocrx_word' id='word_1_65' title='bbox 442 1442 549 1520; x_wconf 83' lang='grc' dir='ltr'>θγιάτην</span> <span class='ocrx_word' id='word_1_66' title='bbox 561 1445 662 1502; x_wconf 86' lang='grc' dir='ltr'>καλεῖν.</span> 
     </span>
     <span class='ocr_line' id='line_1_13' title="bbox 65 1553 694 1620; baseline 0.006 -16"><span class='ocrx_word' id='word_1_67' title='bbox 65 1553 174 1614; x_wconf 77' lang='lat' dir='ltr'><strong>(Attien.</strong></span> <span class='ocrx_word' id='word_1_68' title='bbox 187 1555 223 1615; x_wconf 90' lang='lat'>11,</span> <span class='ocrx_word' id='word_1_69' title='bbox 233 1559 264 1604; x_wconf 80' lang='lat'>36</span> <span class='ocrx_word' id='word_1_70' title='bbox 274 1567 295 1604; x_wconf 87' lang='lat' dir='ltr'><strong>a.</strong></span> <span class='ocrx_word' id='word_1_71' title='bbox 308 1556 379 1606; x_wconf 84' lang='lat' dir='ltr'><strong>cont.</strong></span> <span class='ocrx_word' id='word_1_72' title='bbox 393 1558 502 1606; x_wconf 80' lang='lat' dir='ltr'><strong>Eustatir.</strong></span> <span class='ocrx_word' id='word_1_73' title='bbox 515 1569 538 1619; x_wconf 90' lang='lat' dir='ltr'>p.</span> <span class='ocrx_word' id='word_1_74' title='bbox 553 1561 622 1620; x_wconf 78' lang='lat' dir='ltr'><strong>inni,</strong></span> <span class='ocrx_word' id='word_1_75' title='bbox 637 1559 694 1620; x_wconf 75' lang='lat' dir='ltr'><strong>aa.)</strong></span> 
     </span>
    </p>
   </div>
   <div class='ocr_carea' id='block_1_3' title="bbox 205 1777 836 1840">
    <p class='ocr_par' dir='ltr' id='par_1_3' title="bbox 205 1777 836 1840">
     <span class='ocr_line' id='line_1_14' title="bbox 205 1777 836 1840; baseline 0.002 -4"><span class='ocrx_word' id='word_1_76' title='bbox 205 1777 398 1837; x_wconf 82' lang='grc' dir='ltr'>ΣΕΡΒΙΑΙΟΙ</span> <span class='ocrx_word' id='word_1_77' title='bbox 421 1779 711 1840; x_wconf 64' lang='lat' dir='ltr'><strong>damoxenum:</strong></span> <span class='ocrx_word' id='word_1_78' title='bbox 752 1815 756 1821; x_wconf 84' lang='lat'><strong>·</strong></span> <span class='ocrx_word' id='word_1_79' title='bbox 832 1817 836 1822; x_wconf 96' lang='lat'>-</span> 
     </span>
    </p>
   </div>
   <div class='ocr_carea' id='block_1_4' title="bbox 357 1931 563 1979">
    <p class='ocr_par' dir='ltr' id='par_1_4' title="bbox 357 1931 563 1979">
     <span class='ocr_line' id='line_1_15' title="bbox 357 1931 563 1979; baseline 0.015 -3"><span class='ocrx_word' id='word_1_80' title='bbox 357 1931 397 1977; x_wconf 83' lang='grc' dir='ltr'>ΤΔ</span> <span class='ocrx_word' id='word_1_81' title='bbox 409 1932 563 1979; x_wconf 70' lang='grc' dir='ltr'>ΔΕΙΨΔΝΑ.</span> 
     </span>
    </p>
   </div>
   <div class='ocr_carea' id='block_1_5' title="bbox 287 2086 639 2145">
    <p class='ocr_par' dir='ltr' id='par_1_5' title="bbox 287 2086 639 2145">
     <span class='ocr_line' id='line_1_16' title="bbox 287 2086 639 2145; baseline 0.003 -1"><span class='ocrx_word' id='word_1_82' title='bbox 287 2086 336 2144; x_wconf 82' lang='grc' dir='ltr'>ΕΚ</span> <span class='ocrx_word' id='word_1_83' title='bbox 358 2087 434 2144; x_wconf 87' lang='grc' dir='ltr'>ΤΟΥ</span> <span class='ocrx_word' id='word_1_84' title='bbox 450 2086 639 2145; x_wconf 85' lang='grc' dir='ltr'><strong>ΠΥΘΙΚΟΥ.</strong></span> 
     </span>
    </p>
   </div>
   <div class='ocr_carea' id='block_1_6' title="bbox 80 2255 762 2958">
    <p class='ocr_par' dir='ltr' id='par_1_6' title="bbox 113 2255 762 2602">
     <span class='ocr_line' id='line_1_17' title="bbox 117 2255 683 2339; baseline -0.004 -21"><span class='ocrx_word' id='word_1_85' title='bbox 117 2256 373 2338; x_wconf 84' lang='grc' dir='ltr'>Ὀδοντοτρίμμασιν</span> <span class='ocrx_word' id='word_1_86' title='bbox 385 2258 413 2316; x_wconf 78' lang='grc' dir='ltr'>δὲ</span> <span class='ocrx_word' id='word_1_87' title='bbox 425 2255 524 2326; x_wconf 81' lang='grc' dir='ltr'>τούτοις</span> <span class='ocrx_word' id='word_1_88' title='bbox 534 2260 683 2339; x_wconf 85' lang='grc' dir='ltr'>χρώμενος,</span> 
     </span>
     <span class='ocr_line' id='line_1_18' title="bbox 118 2345 729 2426; baseline 0.002 -20"><span class='ocrx_word' id='word_1_89' title='bbox 118 2345 235 2414; x_wconf 81' lang='grc' dir='ltr'>Αευκοῦς</span> <span class='ocrx_word' id='word_1_90' title='bbox 246 2345 368 2426; x_wconf 76' lang='grc' dir='ltr'>τηρήσεις</span> <span class='ocrx_word' id='word_1_91' title='bbox 379 2347 438 2414; x_wconf 79' lang='grc' dir='ltr'>τοὺς</span> <span class='ocrx_word' id='word_1_92' title='bbox 453 2345 558 2415; x_wconf 83' lang='grc' dir='ltr'>ὀδόντας</span> <span class='ocrx_word' id='word_1_93' title='bbox 572 2353 701 2422; x_wconf 80' lang='grc' dir='ltr'>κάσινεῖς,</span> <span class='ocrx_word' id='word_1_94' title='bbox 720 2375 729 2394; x_wconf 86' lang='grc'><em>·</em></span> 
     </span>
     <span class='ocr_line' id='line_1_19' title="bbox 113 2426 762 2518; baseline 0.006 -26"><span class='ocrx_word' id='word_1_95' title='bbox 113 2435 159 2498; x_wconf 80' lang='grc' dir='ltr'>Τὰ</span> <span class='ocrx_word' id='word_1_96' title='bbox 167 2435 293 2514; x_wconf 84' lang='grc' dir='ltr'>πλαθαρά</span> <span class='ocrx_word' id='word_1_97' title='bbox 306 2435 329 2490; x_wconf 85' lang='grc' dir='ltr'>τ’</span> <span class='ocrx_word' id='word_1_98' title='bbox 342 2426 407 2492; x_wconf 79' lang='grc' dir='ltr'>σῦλα</span> <span class='ocrx_word' id='word_1_99' title='bbox 420 2434 495 2518; x_wconf 77' lang='grc' dir='ltr'>[καὶ]</span> <span class='ocrx_word' id='word_1_100' title='bbox 508 2439 677 2504; x_wconf 81' lang='grc' dir='ltr'>καταστελεῖς</span> <span class='ocrx_word' id='word_1_101' title='bbox 688 2438 762 2514; x_wconf 74' lang='grc' dir='ltr'>ἅμα,</span> 
     </span>
     <span class='ocr_line' id='line_1_20' title="bbox 118 2521 719 2602; baseline 0.002 -20"><span class='ocrx_word' id='word_1_102' title='bbox 118 2523 199 2602; x_wconf 63' lang='lat' dir='ltr'><strong>’Apris</strong></span> <span class='ocrx_word' id='word_1_103' title='bbox 211 2521 238 2582; x_wconf 78' lang='grc' dir='ltr'>δὲ</span> <span class='ocrx_word' id='word_1_104' title='bbox 250 2523 295 2581; x_wconf 85' lang='grc' dir='ltr'>καὶ</span> <span class='ocrx_word' id='word_1_105' title='bbox 308 2522 354 2588; x_wconf 88' lang='grc' dir='ltr'>τδις</span> <span class='ocrx_word' id='word_1_106' title='bbox 368 2527 419 2582; x_wconf 83' lang='grc' dir='ltr'>τῶν</span> <span class='ocrx_word' id='word_1_107' title='bbox 433 2525 571 2601; x_wconf 82' lang='grc' dir='ltr'>στομάτων</span> <span class='ocrx_word' id='word_1_108' title='bbox 583 2525 719 2592; x_wconf 81' lang='grc' dir='ltr'>δυσωδίας.</span> 
     </span>
    </p>

    <p class='ocr_par' dir='ltr' id='par_1_7' title="bbox 80 2611 760 2958">
     <span class='ocr_line' id='line_1_21' title="bbox 80 2611 760 2689; baseline 0.003 -19"><span class='ocrx_word' id='word_1_109' title='bbox 80 2635 92 2670; x_wconf 81' lang='grc' dir='ltr'>ε</span> <span class='ocrx_word' id='word_1_110' title='bbox 117 2614 208 2671; x_wconf 77' lang='grc' dir='ltr'>Πανῶν</span> <span class='ocrx_word' id='word_1_111' title='bbox 218 2611 250 2670; x_wconf 83' lang='grc' dir='ltr'>τδ</span> <span class='ocrx_word' id='word_1_112' title='bbox 266 2611 312 2687; x_wconf 76' lang='grc' dir='ltr'>μὲν</span> <span class='ocrx_word' id='word_1_113' title='bbox 332 2611 417 2689; x_wconf 86' lang='grc' dir='ltr'>άκρως</span> <span class='ocrx_word' id='word_1_114' title='bbox 429 2611 520 2670; x_wconf 81' lang='grc' dir='ltr'>λευκὸν</span> <span class='ocrx_word' id='word_1_115' title='bbox 536 2613 604 2671; x_wconf 77' lang='grc' dir='ltr'>οὕτω</span> <span class='ocrx_word' id='word_1_116' title='bbox 619 2617 760 2673; x_wconf 87' lang='grc' dir='ltr'>σκεύασαι·</span> 
     </span>
     <span class='ocr_line' id='line_1_22' title="bbox 115 2699 669 2790; baseline 0 -30"><span class='ocrx_word' id='word_1_117' title='bbox 115 2701 234 2780; x_wconf 85' lang='grc' dir='ltr'>Κίρατος</span> <span class='ocrx_word' id='word_1_118' title='bbox 245 2699 366 2781; x_wconf 80' lang='grc' dir='ltr'>ἐλαφείου</span> <span class='ocrx_word' id='word_1_119' title='bbox 379 2701 497 2781; x_wconf 82' lang='grc' dir='ltr'>τετράκις</span> <span class='ocrx_word' id='word_1_120' title='bbox 507 2701 669 2790; x_wconf 73' lang='grc' dir='ltr'>κεκαυμένου</span> 
     </span>
     <span class='ocr_line' id='line_1_23' title="bbox 113 2785 712 2871; baseline -0.002 -22"><span class='ocrx_word' id='word_1_121' title='bbox 113 2789 214 2870; x_wconf 70' lang='grc' dir='ltr'>ιλίτρας</span> <span class='ocrx_word' id='word_1_122' title='bbox 224 2785 285 2871; x_wconf 83' lang='grc' dir='ltr'>[τε]</span> <span class='ocrx_word' id='word_1_123' title='bbox 298 2787 441 2868; x_wconf 85' lang='grc' dir='ltr'>τέσσαρας,</span> <span class='ocrx_word' id='word_1_124' title='bbox 455 2789 545 2869; x_wconf 89' lang='grc' dir='ltr'>λίτραν</span> <span class='ocrx_word' id='word_1_125' title='bbox 561 2789 623 2856; x_wconf 85' lang='grc' dir='ltr'>ἁλὸς</span> <span class='ocrx_word' id='word_1_126' title='bbox 635 2791 712 2866; x_wconf 86' lang='grc' dir='ltr'>μίαν,</span> 
     </span>
     <span class='ocr_line' id='line_1_24' title="bbox 118 2876 719 2958; baseline 0.003 -22"><span class='ocrx_word' id='word_1_127' title='bbox 118 2876 302 2954; x_wconf 83' lang='grc' dir='ltr'>Ἀμμωνιακοῦ</span> <span class='ocrx_word' id='word_1_128' title='bbox 313 2876 391 2957; x_wconf 81' lang='grc' dir='ltr'>ξηροῦ</span> <span class='ocrx_word' id='word_1_129' title='bbox 406 2901 435 2936; x_wconf 89' lang='grc' dir='ltr'>τε</span> <span class='ocrx_word' id='word_1_130' title='bbox 449 2877 495 2936; x_wconf 85' lang='grc' dir='ltr'>καλ</span> <span class='ocrx_word' id='word_1_131' title='bbox 506 2877 543 2955; x_wconf 77' lang='grc' dir='ltr'>μὴ</span> <span class='ocrx_word' id='word_1_132' title='bbox 551 2884 597 2936; x_wconf 90' lang='grc' dir='ltr'>τοῦ</span> <span class='ocrx_word' id='word_1_133' title='bbox 609 2885 719 2958; x_wconf 88' lang='grc' dir='ltr'>πικροῦ,</span> 
     </span>
    </p>
   </div>
   <div class='ocr_carea' id='block_1_7' title="bbox 78 2964 819 3136">
    <p class='ocr_par' dir='ltr' id='par_1_8' title="bbox 78 2964 819 3136">
     <span class='ocr_line' id='line_1_25' title="bbox 117 2964 819 3048; baseline 0.003 -24"><span class='ocrx_word' id='word_1_134' title='bbox 117 2964 234 3044; x_wconf 82' lang='grc' dir='ltr'>Χόνδρου</span> <span class='ocrx_word' id='word_1_135' title='bbox 248 2988 277 3023; x_wconf 90' lang='grc' dir='ltr'>τε</span> <span class='ocrx_word' id='word_1_136' title='bbox 288 2966 380 3044; x_wconf 83' lang='grc' dir='ltr'>λίτραν</span> <span class='ocrx_word' id='word_1_137' title='bbox 394 2965 467 3042; x_wconf 86' lang='grc' dir='ltr'>μίαν,</span> <span class='ocrx_word' id='word_1_138' title='bbox 482 2965 615 3044; x_wconf 80' lang='grc' dir='ltr'>μαστίχης</span> <span class='ocrx_word' id='word_1_139' title='bbox 631 2967 698 3034; x_wconf 80' lang='grc' dir='ltr'>Χίας</span> <span class='ocrx_word' id='word_1_140' title='bbox 717 2969 819 3048; x_wconf 65' lang='grc' dir='ltr'>λίτραν,</span> 
     </span>
     <span class='ocr_line' id='line_1_26' title="bbox 78 3051 787 3136; baseline 0.003 -25"><span class='ocrx_word' id='word_1_141' title='bbox 78 3074 102 3111; x_wconf 88' lang='lat' dir='ltr'>ro</span> <span class='ocrx_word' id='word_1_142' title='bbox 120 3051 224 3112; x_wconf 83' lang='grc' dir='ltr'>Κόστου</span> <span class='ocrx_word' id='word_1_143' title='bbox 241 3051 332 3132; x_wconf 87' lang='grc' dir='ltr'>λίτρας</span> <span class='ocrx_word' id='word_1_144' title='bbox 343 3052 373 3111; x_wconf 81' lang='grc' dir='ltr'>τὸ</span> <span class='ocrx_word' id='word_1_145' title='bbox 384 3051 470 3133; x_wconf 86' lang='grc' dir='ltr'>τρίτον</span> <span class='ocrx_word' id='word_1_146' title='bbox 483 3052 501 3124; x_wconf 76' lang='grc' dir='ltr'>ἢ</span> <span class='ocrx_word' id='word_1_147' title='bbox 513 3052 581 3136; x_wconf 71' lang='grc' dir='ltr'>[καὶ]</span> <span class='ocrx_word' id='word_1_148' title='bbox 596 3055 674 3113; x_wconf 88' lang='grc' dir='ltr'>πλέον</span> <span class='ocrx_word' id='word_1_149' title='bbox 692 3057 787 3136; x_wconf 75' lang='grc' dir='ltr'>βραχὺ,</span> 
     </span>
    </p>
   </div>
   <div class='ocr_carea' id='block_1_8' title="bbox 114 3141 768 3224">
    <p class='ocr_par' dir='ltr' id='par_1_9' title="bbox 114 3141 768 3224">
     <span class='ocr_line' id='line_1_27' title="bbox 114 3141 768 3224; baseline 0.005 -25"><span class='ocrx_word' id='word_1_150' title='bbox 114 3141 227 3220; x_wconf 84' lang='grc' dir='ltr'>Σχοίνου</span> <span class='ocrx_word' id='word_1_151' title='bbox 238 3143 333 3212; x_wconf 78' lang='grc' dir='ltr'>λευκῆς</span> <span class='ocrx_word' id='word_1_152' title='bbox 346 3141 442 3215; x_wconf 82' lang='grc' dir='ltr'>ταύτό,</span> <span class='ocrx_word' id='word_1_153' title='bbox 454 3141 500 3200; x_wconf 85' lang='grc' dir='ltr'>καλ</span> <span class='ocrx_word' id='word_1_154' title='bbox 511 3143 605 3201; x_wconf 87' lang='grc' dir='ltr'>λευκοῦ</span> <span class='ocrx_word' id='word_1_155' title='bbox 618 3143 768 3224; x_wconf 76' lang='grc' dir='ltr'>πεπέρρεως</span> 
     </span>
    </p>
   </div>
   <div class='ocr_carea' id='block_1_9' title="bbox 114 3227 802 3310">
    <p class='ocr_par' dir='ltr' id='par_1_10' title="bbox 114 3227 802 3310">
     <span class='ocr_line' id='line_1_28' title="bbox 114 3227 802 3310; baseline 0.001 -22"><span class='ocrx_word' id='word_1_156' title='bbox 114 3227 234 3307; x_wconf 60' lang='lat' dir='ltr'><strong>Osinium</strong></span> <span class='ocrx_word' id='word_1_157' title='bbox 250 3229 326 3306; x_wconf 83' lang='grc' dir='ltr'>μίαν,</span> <span class='ocrx_word' id='word_1_158' title='bbox 341 3227 439 3307; x_wconf 87' lang='grc' dir='ltr'>φύλλου</span> <span class='ocrx_word' id='word_1_159' title='bbox 460 3229 611 3310; x_wconf 70' lang='grc' dir='ltr'>μαλαόάθρ</span> <span class='ocrx_word' id='word_1_160' title='bbox 628 3232 734 3309; x_wconf 86' lang='grc' dir='ltr'>οὐγγίας</span> <span class='ocrx_word' id='word_1_161' title='bbox 749 3233 802 3292; x_wconf 84' lang='grc' dir='ltr'>δύο.</span> 
     </span>
    </p>
   </div>
   <div class='ocr_carea' id='block_1_10' title="bbox 77 3317 766 3840">
    <p class='ocr_par' dir='ltr' id='par_1_11' title="bbox 112 3317 731 3486">
     <span class='ocr_line' id='line_1_29' title="bbox 112 3317 660 3398; baseline 0 -21"><span class='ocrx_word' id='word_1_162' title='bbox 112 3319 205 3398; x_wconf 53' lang='grc' dir='ltr'>Κάλας</span> <span class='ocrx_word' id='word_1_163' title='bbox 216 3320 243 3376; x_wconf 78' lang='grc' dir='ltr'>ἕν</span> <span class='ocrx_word' id='word_1_164' title='bbox 254 3317 329 3398; x_wconf 83' lang='grc' dir='ltr'>δλμῳ</span> <span class='ocrx_word' id='word_1_165' title='bbox 338 3317 426 3376; x_wconf 86' lang='grc' dir='ltr'>πάντα</span> <span class='ocrx_word' id='word_1_166' title='bbox 440 3317 485 3376; x_wconf 82' lang='grc' dir='ltr'>καλ</span> <span class='ocrx_word' id='word_1_167' title='bbox 498 3317 581 3390; x_wconf 77' lang='grc' dir='ltr'>σήαας</span> <span class='ocrx_word' id='word_1_168' title='bbox 593 3320 660 3398; x_wconf 76' lang='grc' dir='ltr'>ἅμα,</span> 
     </span>
     <span class='ocr_line' id='line_1_30' title="bbox 112 3405 731 3486; baseline -0.002 -20"><span class='ocrx_word' id='word_1_169' title='bbox 112 3405 384 3484; x_wconf 83' lang='grc' dir='ltr'>Χρῆαθαικελεύαεις,</span> <span class='ocrx_word' id='word_1_170' title='bbox 395 3407 429 3472; x_wconf 80' lang='grc' dir='ltr'>ὥς</span> <span class='ocrx_word' id='word_1_171' title='bbox 439 3405 532 3486; x_wconf 87' lang='grc' dir='ltr'>φράσω</span> <span class='ocrx_word' id='word_1_172' title='bbox 544 3409 602 3482; x_wconf 86' lang='grc' dir='ltr'>μετ’</span> <span class='ocrx_word' id='word_1_173' title='bbox 613 3411 642 3464; x_wconf 88' lang='grc' dir='ltr'>οὐ</span> <span class='ocrx_word' id='word_1_174' title='bbox 655 3409 731 3466; x_wconf 89' lang='grc' dir='ltr'>πολύ.</span> 
     </span>
    </p>

    <p class='ocr_par' dir='ltr' id='par_1_12' title="bbox 77 3493 766 3840">
     <span class='ocr_line' id='line_1_31' title="bbox 77 3493 624 3565; baseline 0.002 -13"><span class='ocrx_word' id='word_1_175' title='bbox 77 3515 100 3552; x_wconf 79' lang='grc' dir='ltr'>ιε</span> <span class='ocrx_word' id='word_1_176' title='bbox 116 3497 150 3554; x_wconf 84' lang='lat' dir='ltr'><strong>Ei</strong></span> <span class='ocrx_word' id='word_1_177' title='bbox 164 3493 193 3552; x_wconf 83' lang='grc' dir='ltr'>δὲ</span> <span class='ocrx_word' id='word_1_178' title='bbox 204 3493 334 3565; x_wconf 73' lang='grc' dir='ltr'>ἐθελήσεις</span> <span class='ocrx_word' id='word_1_179' title='bbox 346 3493 409 3552; x_wconf 79' lang='grc' dir='ltr'>αὐτὸ</span> <span class='ocrx_word' id='word_1_180' title='bbox 421 3493 549 3552; x_wconf 79' lang='grc' dir='ltr'>σκευάσαι</span> <span class='ocrx_word' id='word_1_181' title='bbox 561 3495 624 3554; x_wconf 83' lang='grc' dir='ltr'>ποτὲ</span> 
     </span>
     <span class='ocr_line' id='line_1_32' title="bbox 114 3580 766 3665; baseline 0 -23"><span class='ocrx_word' id='word_1_182' title='bbox 114 3581 185 3662; x_wconf 81' lang='grc' dir='ltr'>Πρός</span> <span class='ocrx_word' id='word_1_183' title='bbox 197 3582 347 3663; x_wconf 75' lang='grc' dir='ltr'>φλεγμονὴν</span> <span class='ocrx_word' id='word_1_184' title='bbox 360 3580 442 3641; x_wconf 79' lang='grc' dir='ltr'>οὔλων</span> <span class='ocrx_word' id='word_1_185' title='bbox 455 3581 500 3640; x_wconf 81' lang='grc' dir='ltr'>καλ</span> <span class='ocrx_word' id='word_1_186' title='bbox 518 3581 612 3660; x_wconf 83' lang='grc' dir='ltr'>ἔχοντα</span> <span class='ocrx_word' id='word_1_187' title='bbox 626 3585 766 3665; x_wconf 87' lang='grc' dir='ltr'>τραύματα</span> 
     </span>
     <span class='ocr_line' id='line_1_33' title="bbox 114 3669 713 3752; baseline 0 -22"><span class='ocrx_word' id='word_1_188' title='bbox 114 3674 229 3752; x_wconf 72' lang='grc' dir='ltr'>Σιριτῶν</span> <span class='ocrx_word' id='word_1_189' title='bbox 247 3669 382 3751; x_wconf 73' lang='grc' dir='ltr'>ἐπιφύσεις</span> <span class='ocrx_word' id='word_1_190' title='bbox 395 3671 590 3746; x_wconf 87' lang='grc' dir='ltr'>τετυλωμένας,</span> <span class='ocrx_word' id='word_1_191' title='bbox 603 3679 713 3752; x_wconf 76' lang='grc' dir='ltr'>σχιστῆς</span> 
     </span>
     <span class='ocr_line' id='line_1_34' title="bbox 112 3757 654 3840; baseline 0.002 -21"><span class='ocrx_word' id='word_1_192' title='bbox 112 3759 291 3840; x_wconf 83' lang='grc' dir='ltr'>Προσέμδαλε</span> <span class='ocrx_word' id='word_1_193' title='bbox 301 3757 464 3839; x_wconf 84' lang='grc' dir='ltr'>στυπτηρίας</span> <span class='ocrx_word' id='word_1_194' title='bbox 476 3758 566 3840; x_wconf 88' lang='grc' dir='ltr'>λίτραν</span> <span class='ocrx_word' id='word_1_195' title='bbox 580 3760 654 3837; x_wconf 87' lang='grc' dir='ltr'>μίαν.</span> 
     </span>
    </p>
   </div>
   <div class='ocr_carea' id='block_1_11' title="bbox 141 3933 757 4010">
    <p class='ocr_par' dir='ltr' id='par_1_13' title="bbox 141 3933 757 4010">
     <span class='ocr_line' id='line_1_35' title="bbox 141 3933 757 4010; baseline 0.01 -31"><span class='ocrx_word' id='word_1_196' title='bbox 141 3935 228 3980; x_wconf 82' lang='grc' dir='ltr'><strong>ΑΔΔΟ</strong></span> <span class='ocrx_word' id='word_1_197' title='bbox 244 3933 475 4010; x_wconf 72' lang='grc' dir='ltr'>ΔλΜΟΚΡλΤΟΪΣ</span> <span class='ocrx_word' id='word_1_198' title='bbox 494 3935 757 3986; x_wconf 81' lang='grc' dir='ltr'><strong>ΟΔΟΝΤΟΤΡΙΜΜΑ.</strong></span> 
     </span>
    </p>
   </div>
   <div class='ocr_carea' id='block_1_12' title="bbox 72 4099 741 4539">
    <p class='ocr_par' dir='ltr' id='par_1_14' title="bbox 72 4099 735 4273">
     <span class='ocr_line' id='line_1_36' title="bbox 111 4099 735 4184; baseline 0.01 -24"><span class='ocrx_word' id='word_1_199' title='bbox 111 4101 179 4161; x_wconf 83' lang='grc' dir='ltr'>Τόδε</span> <span class='ocrx_word' id='word_1_200' title='bbox 194 4099 250 4184; x_wconf 75' lang='grc' dir='ltr'>[δὴ]</span> <span class='ocrx_word' id='word_1_201' title='bbox 266 4101 334 4160; x_wconf 84' lang='grc' dir='ltr'>ούτω</span> <span class='ocrx_word' id='word_1_202' title='bbox 344 4104 445 4178; x_wconf 80' lang='grc' dir='ltr'>μᾶλλον</span> <span class='ocrx_word' id='word_1_203' title='bbox 459 4103 581 4180; x_wconf 74' lang='grc' dir='ltr'>γενέσθαι</span> <span class='ocrx_word' id='word_1_204' title='bbox 592 4107 735 4184; x_wconf 78' lang='grc' dir='ltr'>δυνάμενον</span> 
     </span>
     <span class='ocr_line' id='line_1_37' title="bbox 72 4189 652 4273; baseline 0.012 -27"><span class='ocrx_word' id='word_1_205' title='bbox 72 4209 97 4246; x_wconf 83' lang='grc' dir='ltr'>ιο</span> <span class='ocrx_word' id='word_1_206' title='bbox 112 4191 178 4248; x_wconf 81' lang='grc' dir='ltr'>Μετ’</span> <span class='ocrx_word' id='word_1_207' title='bbox 194 4189 327 4270; x_wconf 84' lang='grc' dir='ltr'>εὐχερείας</span> <span class='ocrx_word' id='word_1_208' title='bbox 338 4191 383 4249; x_wconf 77' lang='grc' dir='ltr'>καί</span> <span class='ocrx_word' id='word_1_209' title='bbox 395 4191 425 4249; x_wconf 87' lang='grc' dir='ltr'>τὸ</span> <span class='ocrx_word' id='word_1_210' title='bbox 437 4193 570 4273; x_wconf 77' lang='grc' dir='ltr'>συμφέρον</span> <span class='ocrx_word' id='word_1_211' title='bbox 585 4195 652 4253; x_wconf 84' lang='grc' dir='ltr'>πολὺ</span> 
     </span>
    </p>

    <p class='ocr_par' dir='ltr' id='par_1_15' title="bbox 110 4275 706 4360">
     <span class='ocr_line' id='line_1_38' title="bbox 110 4275 706 4360; baseline 0.01 -22"><span class='ocrx_word' id='word_1_212' title='bbox 110 4275 194 4356; x_wconf 78' lang='grc' dir='ltr'>Ἔχον</span> <span class='ocrx_word' id='word_1_213' title='bbox 213 4279 281 4354; x_wconf 85' lang='grc' dir='ltr'>μετά</span> <span class='ocrx_word' id='word_1_214' title='bbox 295 4301 362 4346; x_wconf 83' lang='grc' dir='ltr'>τινος</span> <span class='ocrx_word' id='word_1_215' title='bbox 381 4280 474 4350; x_wconf 78' lang='grc' dir='ltr'>ἡδονῆς</span> <span class='ocrx_word' id='word_1_216' title='bbox 487 4283 539 4338; x_wconf 83' lang='grc' dir='ltr'>τῶν</span> <span class='ocrx_word' id='word_1_217' title='bbox 549 4284 706 4360; x_wconf 85' lang='grc' dir='ltr'>χρωμένων.</span> 
     </span>
    </p>

    <p class='ocr_par' dir='ltr' id='par_1_16' title="bbox 110 4366 635 4448">
     <span class='ocr_line' id='line_1_39' title="bbox 110 4366 635 4448; baseline 0.004 -22"><span class='ocrx_word' id='word_1_218' title='bbox 110 4366 224 4446; x_wconf 77' lang='grc' dir='ltr'>Χλωρδν</span> <span class='ocrx_word' id='word_1_219' title='bbox 236 4367 280 4425; x_wconf 74' lang='grc' dir='ltr'>ἐπὶ</span> <span class='ocrx_word' id='word_1_220' title='bbox 293 4367 359 4426; x_wconf 77' lang='grc' dir='ltr'>πολὺ</span> <span class='ocrx_word' id='word_1_221' title='bbox 370 4368 418 4439; x_wconf 75' lang='grc' dir='ltr'>τὴν</span> <span class='ocrx_word' id='word_1_222' title='bbox 430 4370 557 4448; x_wconf 85' lang='grc' dir='ltr'>σιδηρῖτιν</span> <span class='ocrx_word' id='word_1_223' title='bbox 568 4373 635 4430; x_wconf 87' lang='grc' dir='ltr'>πόαν</span> 
     </span>
    </p>

    <p class='ocr_par' dir='ltr' id='par_1_17' title="bbox 113 4455 741 4539">
     <span class='ocr_line' id='line_1_40' title="bbox 113 4455 741 4539; baseline 0.01 -25"><span class='ocrx_word' id='word_1_224' title='bbox 113 4457 155 4520; x_wconf 77' lang='grc' dir='ltr'>Εἰς</span> <span class='ocrx_word' id='word_1_225' title='bbox 167 4455 272 4514; x_wconf 83' lang='grc' dir='ltr'>λοπάδα</span> <span class='ocrx_word' id='word_1_226' title='bbox 284 4455 376 4528; x_wconf 79' lang='grc' dir='ltr'>καινὴν</span> <span class='ocrx_word' id='word_1_227' title='bbox 387 4456 514 4535; x_wconf 76' lang='grc' dir='ltr'>εὐμεγέθη</span> <span class='ocrx_word' id='word_1_228' title='bbox 527 4461 628 4532; x_wconf 77' lang='grc' dir='ltr'>πολλὴν</span> <span class='ocrx_word' id='word_1_229' title='bbox 643 4462 741 4539; x_wconf 83' lang='grc' dir='ltr'>βαλὼν,</span> 
     </span>
    </p>
   </div>
   <div class='ocr_carea' id='block_1_13' title="bbox 113 4543 787 4632">
    <p class='ocr_par' dir='ltr' id='par_1_18' title="bbox 113 4543 787 4632">
     <span class='ocr_line' id='line_1_41' title="bbox 113 4543 787 4632; baseline 0.013 -30"><span class='ocrx_word' id='word_1_230' title='bbox 113 4547 210 4622; x_wconf 82' lang='grc' dir='ltr'>Κριθῆς</span> <span class='ocrx_word' id='word_1_231' title='bbox 222 4543 374 4624; x_wconf 86' lang='grc' dir='ltr'>παράμισγε</span> <span class='ocrx_word' id='word_1_232' title='bbox 386 4543 416 4603; x_wconf 84' lang='grc' dir='ltr'>τθ</span> <span class='ocrx_word' id='word_1_233' title='bbox 428 4544 532 4624; x_wconf 85' lang='grc' dir='ltr'>μέτριον</span> <span class='ocrx_word' id='word_1_234' title='bbox 541 4553 588 4620; x_wconf 83' lang='grc' dir='ltr'>τῆς</span> <span class='ocrx_word' id='word_1_235' title='bbox 599 4551 760 4632; x_wconf 88' lang='grc' dir='ltr'>προσφάτου,</span> <span class='ocrx_word' id='word_1_236' title='bbox 780 4584 787 4602; x_wconf 92' lang='lat'><strong>·</strong></span> 
     </span>
    </p>
   </div>
   <div class='ocr_carea' id='block_1_14' title="bbox 73 4631 697 5248">
    <p class='ocr_par' dir='ltr' id='par_1_19' title="bbox 73 4631 697 5064">
     <span class='ocr_line' id='line_1_42' title="bbox 73 4631 697 4713; baseline 0.013 -25"><span class='ocrx_word' id='word_1_237' title='bbox 73 4649 96 4688; x_wconf 77' lang='grc' dir='ltr'>ιε</span> <span class='ocrx_word' id='word_1_238' title='bbox 111 4631 238 4699; x_wconf 81' lang='grc' dir='ltr'>Καταθιίς</span> <span class='ocrx_word' id='word_1_239' title='bbox 249 4634 276 4691; x_wconf 86' lang='grc' dir='ltr'>τ’</span> <span class='ocrx_word' id='word_1_240' title='bbox 285 4631 326 4690; x_wconf 77' lang='grc' dir='ltr'>ἐπ’</span> <span class='ocrx_word' id='word_1_241' title='bbox 335 4637 402 4709; x_wconf 79' lang='grc' dir='ltr'>αὐτῇ</span> <span class='ocrx_word' id='word_1_242' title='bbox 415 4637 460 4704; x_wconf 82' lang='grc' dir='ltr'>τῆς</span> <span class='ocrx_word' id='word_1_243' title='bbox 474 4634 540 4703; x_wconf 85' lang='grc' dir='ltr'>πόας</span> <span class='ocrx_word' id='word_1_244' title='bbox 550 4639 697 4713; x_wconf 82' lang='grc' dir='ltr'>δεσμίδιον,</span> 
     </span>
     <span class='ocr_line' id='line_1_43' title="bbox 114 4711 678 4800; baseline 0.012 -22"><span class='ocrx_word' id='word_1_245' title='bbox 114 4717 193 4788; x_wconf 69' lang='grc' dir='ltr'>’λλας</span> <span class='ocrx_word' id='word_1_246' title='bbox 202 4721 368 4800; x_wconf 89' lang='grc' dir='ltr'>περίπασσε,</span> <span class='ocrx_word' id='word_1_247' title='bbox 380 4711 436 4778; x_wconf 76' lang='grc' dir='ltr'>εἶτα</span> <span class='ocrx_word' id='word_1_248' title='bbox 448 4725 495 4792; x_wconf 82' lang='grc' dir='ltr'>τῆς</span> <span class='ocrx_word' id='word_1_249' title='bbox 507 4724 573 4793; x_wconf 85' lang='grc' dir='ltr'>πόας</span> <span class='ocrx_word' id='word_1_250' title='bbox 585 4727 678 4800; x_wconf 84' lang='grc' dir='ltr'>πάλιν,</span> 
     </span>
     <span class='ocr_line' id='line_1_44' title="bbox 114 4797 695 4889; baseline 0.01 -23"><span class='ocrx_word' id='word_1_251' title='bbox 114 4799 177 4866; x_wconf 70' lang='grc' dir='ltr'>Εἶτα</span> <span class='ocrx_word' id='word_1_252' title='bbox 190 4809 269 4868; x_wconf 90' lang='grc' dir='ltr'>πάλιν</span> <span class='ocrx_word' id='word_1_253' title='bbox 287 4809 390 4889; x_wconf 84' lang='grc' dir='ltr'>κριθὴν,</span> <span class='ocrx_word' id='word_1_254' title='bbox 409 4797 467 4866; x_wconf 69' lang='grc' dir='ltr'>εἶτα</span> <span class='ocrx_word' id='word_1_255' title='bbox 480 4819 556 4872; x_wconf 88' lang='grc' dir='ltr'>τοῦτο</span> <span class='ocrx_word' id='word_1_256' title='bbox 568 4817 695 4882; x_wconf 83' lang='grc' dir='ltr'>πολλάκις</span> 
     </span>
     <span class='ocr_line' id='line_1_45' title="bbox 111 4896 677 4980; baseline 0.018 -28"><span class='ocrx_word' id='word_1_257' title='bbox 111 4896 196 4954; x_wconf 64' lang='lat' dir='ltr'><strong>iiuada</strong></span> <span class='ocrx_word' id='word_1_258' title='bbox 207 4898 364 4980; x_wconf 75' lang='grc' dir='ltr'>άπαπλήρου</span> <span class='ocrx_word' id='word_1_259' title='bbox 380 4901 408 4959; x_wconf 86' lang='grc' dir='ltr'>τὸ</span> <span class='ocrx_word' id='word_1_260' title='bbox 420 4911 472 4960; x_wconf 81' lang='grc' dir='ltr'>πᾶν</span> <span class='ocrx_word' id='word_1_261' title='bbox 487 4908 533 4974; x_wconf 85' lang='grc' dir='ltr'>τῆς</span> <span class='ocrx_word' id='word_1_262' title='bbox 548 4903 677 4970; x_wconf 87' lang='grc' dir='ltr'>λωπάδος.</span> 
     </span>
     <span class='ocr_line' id='line_1_46' title="bbox 111 4977 684 5064; baseline 0.017 -24"><span class='ocrx_word' id='word_1_263' title='bbox 111 4977 220 5042; x_wconf 75' lang='grc' dir='ltr'>1’λνιιιθεν</span> <span class='ocrx_word' id='word_1_264' title='bbox 231 4987 253 5043; x_wconf 83' lang='grc' dir='ltr'>δ’</span> <span class='ocrx_word' id='word_1_265' title='bbox 264 4987 353 5045; x_wconf 83' lang='grc' dir='ltr'>ἱκανὸν</span> <span class='ocrx_word' id='word_1_266' title='bbox 365 4995 412 5059; x_wconf 70' lang='grc' dir='ltr'>τῆς</span> <span class='ocrx_word' id='word_1_267' title='bbox 422 4991 493 5056; x_wconf 87' lang='grc' dir='ltr'>πόας,</span> <span class='ocrx_word' id='word_1_268' title='bbox 502 4991 579 5057; x_wconf 83' lang='grc' dir='ltr'>τιθείς</span> <span class='ocrx_word' id='word_1_269' title='bbox 594 4995 684 5064; x_wconf 86' lang='grc' dir='ltr'>πάλιν,</span> 
     </span>
    </p>

    <p class='ocr_par' dir='ltr' id='par_1_20' title="bbox 74 5072 688 5248">
     <span class='ocr_line' id='line_1_47' title="bbox 74 5072 672 5161; baseline 0.02 -35"><span class='ocrx_word' id='word_1_270' title='bbox 74 5089 99 5126; x_wconf 79' lang='grc' dir='ltr'>ευ</span> <span class='ocrx_word' id='word_1_271' title='bbox 114 5072 155 5136; x_wconf 76' lang='grc' dir='ltr'>Εἰς</span> <span class='ocrx_word' id='word_1_272' title='bbox 174 5073 248 5132; x_wconf 88' lang='grc' dir='ltr'>ίπνον</span> <span class='ocrx_word' id='word_1_273' title='bbox 261 5075 355 5154; x_wconf 85' lang='grc' dir='ltr'>ἔχοντα</span> <span class='ocrx_word' id='word_1_274' title='bbox 369 5079 514 5158; x_wconf 84' lang='grc' dir='ltr'>θερμασίαν</span> <span class='ocrx_word' id='word_1_275' title='bbox 527 5077 544 5150; x_wconf 80' lang='grc' dir='ltr'>ἢ</span> <span class='ocrx_word' id='word_1_276' title='bbox 555 5081 672 5161; x_wconf 73' lang='grc' dir='ltr'>κλιόάνῳ</span> 
     </span>
     <span class='ocr_line' id='line_1_48' title="bbox 112 5161 688 5248; baseline 0.023 -33"><span class='ocrx_word' id='word_1_277' title='bbox 112 5161 202 5218; x_wconf 85' lang='grc' dir='ltr'>θεῖναι</span> <span class='ocrx_word' id='word_1_278' title='bbox 215 5161 338 5223; x_wconf 78' lang='grc' dir='ltr'>κέλευσον</span> <span class='ocrx_word' id='word_1_279' title='bbox 347 5165 420 5246; x_wconf 83' lang='grc' dir='ltr'>νύχθ’</span> <span class='ocrx_word' id='word_1_280' title='bbox 436 5167 500 5238; x_wconf 74' lang='grc' dir='ltr'>ὅλην</span> <span class='ocrx_word' id='word_1_281' title='bbox 515 5167 688 5248; x_wconf 67' lang='grc' dir='ltr'>ίνῖέκφρυγῇ,</span> 
     </span>
    </p>
   </div>
   <div class='ocr_carea' id='block_1_15' title="bbox 113 5249 679 5339">
    <p class='ocr_par' dir='ltr' id='par_1_21' title="bbox 113 5249 679 5339">
     <span class='ocr_line' id='line_1_49' title="bbox 113 5249 679 5339; baseline 0.019 -33"><span class='ocrx_word' id='word_1_282' title='bbox 113 5249 221 5309; x_wconf 70' lang='grc' dir='ltr'>Μᾶλλον</span> <span class='ocrx_word' id='word_1_283' title='bbox 231 5253 253 5310; x_wconf 88' lang='grc' dir='ltr'>δ’</span> <span class='ocrx_word' id='word_1_284' title='bbox 269 5249 302 5311; x_wconf 74' lang='grc' dir='ltr'>ἵν’</span> <span class='ocrx_word' id='word_1_285' title='bbox 317 5259 401 5334; x_wconf 79' lang='grc' dir='ltr'>ἐκκαῇ</span> <span class='ocrx_word' id='word_1_286' title='bbox 419 5257 464 5315; x_wconf 85' lang='grc' dir='ltr'>καί</span> <span class='ocrx_word' id='word_1_287' title='bbox 476 5259 571 5338; x_wconf 82' lang='grc' dir='ltr'>δυνηθῇ</span> <span class='ocrx_word' id='word_1_288' title='bbox 585 5259 679 5339; x_wconf 71' lang='grc' dir='ltr'>ῥαδίως</span> 
     </span>
    </p>
   </div>
   <div class='ocr_carea' id='block_1_16' title="bbox 900 565 1505 1513">
    <p class='ocr_par' dir='ltr' id='par_1_22' title="bbox 902 565 1505 1070">
     <span class='ocr_line' id='line_1_50' title="bbox 903 565 1472 628; baseline 0.004 -12"><span class='ocrx_word' id='word_1_289' title='bbox 903 565 984 616; x_wconf 82' lang='lat' dir='ltr'><strong>Sedet</strong></span> <span class='ocrx_word' id='word_1_290' title='bbox 996 566 1028 615; x_wconf 85' lang='lat' dir='ltr'><strong>ad</strong></span> <span class='ocrx_word' id='word_1_291' title='bbox 1037 566 1181 614; x_wconf 84' lang='lat' dir='ltr'><strong>medicinam</strong></span> <span class='ocrx_word' id='word_1_292' title='bbox 1190 565 1310 615; x_wconf 76' lang='lat' dir='ltr'><strong>maximos</strong></span> <span class='ocrx_word' id='word_1_293' title='bbox 1323 580 1381 616; x_wconf 89' lang='lat' dir='ltr'><strong>usus</strong></span> <span class='ocrx_word' id='word_1_294' title='bbox 1391 567 1472 628; x_wconf 86' lang='lat' dir='ltr'><strong>irabct,</strong></span> 
     </span>
     <span class='ocr_line' id='line_1_51' title="bbox 904 654 1392 718; baseline 0.002 -15"><span class='ocrx_word' id='word_1_295' title='bbox 904 655 1017 704; x_wconf 79' lang='lat' dir='ltr'><strong>Miscetur</strong></span> <span class='ocrx_word' id='word_1_296' title='bbox 1026 654 1114 718; x_wconf 84' lang='lat' dir='ltr'><strong>quippe</strong></span> <span class='ocrx_word' id='word_1_297' title='bbox 1127 654 1260 716; x_wconf 83' lang='lat' dir='ltr'><strong>poculentis</strong></span> <span class='ocrx_word' id='word_1_298' title='bbox 1267 655 1392 717; x_wconf 81' lang='lat' dir='ltr'><strong>remediis,</strong></span> 
     </span>
     <span class='ocr_line' id='line_1_52' title="bbox 903 741 1459 804; baseline -0.002 -13"><span class='ocrx_word' id='word_1_299' title='bbox 903 744 1027 804; x_wconf 80' lang='lat' dir='ltr'>Opemque</span> <span class='ocrx_word' id='word_1_300' title='bbox 1038 743 1082 791; x_wconf 88' lang='lat' dir='ltr'><strong>iert</strong></span> <span class='ocrx_word' id='word_1_301' title='bbox 1092 741 1230 792; x_wconf 87' lang='lat' dir='ltr'><strong>mineribus</strong></span> <span class='ocrx_word' id='word_1_302' title='bbox 1240 743 1459 804; x_wconf 73' lang='lat' dir='ltr'><strong>praesentissimam.</strong></span> 
     </span>
     <span class='ocr_line' id='line_1_53' title="bbox 903 830 1487 888; baseline 0.003 -10"><span class='ocrx_word' id='word_1_303' title='bbox 903 831 1055 888; x_wconf 83' lang='lat' dir='ltr'><strong>Quotidianis</strong></span> <span class='ocrx_word' id='word_1_304' title='bbox 1068 831 1194 880; x_wconf 84' lang='lat' dir='ltr'><strong>hominnm</strong></span> <span class='ocrx_word' id='word_1_305' title='bbox 1205 833 1287 880; x_wconf 78' lang='lat' dir='ltr'><strong>nartem</strong></span> <span class='ocrx_word' id='word_1_306' title='bbox 1299 831 1324 880; x_wconf 96' lang='lat' dir='ltr'><strong>in</strong></span> <span class='ocrx_word' id='word_1_307' title='bbox 1334 830 1487 880; x_wconf 77' lang='lat' dir='ltr'><strong>convictibus</strong></span> 
     </span>
     <span class='ocr_line' id='line_1_54' title="bbox 902 919 1505 982; baseline 0.003 -16"><span class='ocrx_word' id='word_1_308' title='bbox 902 919 945 967; x_wconf 87' lang='lat' dir='ltr'><strong>iiis</strong></span> <span class='ocrx_word' id='word_1_309' title='bbox 953 919 995 981; x_wconf 86' lang='lat' dir='ltr'><strong>qui</strong></span> <span class='ocrx_word' id='word_1_310' title='bbox 1003 919 1064 968; x_wconf 87' lang='lat' dir='ltr'><strong>bene</strong></span> <span class='ocrx_word' id='word_1_311' title='bbox 1075 921 1236 982; x_wconf 88' lang='lat' dir='ltr'><strong>temperatum</strong></span> <span class='ocrx_word' id='word_1_312' title='bbox 1247 933 1291 968; x_wconf 85' lang='lat' dir='ltr'><strong>nec</strong></span> <span class='ocrx_word' id='word_1_313' title='bbox 1301 919 1403 968; x_wconf 90' lang='lat' dir='ltr'><strong>nimium</strong></span> <span class='ocrx_word' id='word_1_314' title='bbox 1417 919 1505 969; x_wconf 87' lang='lat' dir='ltr'><strong>bibunt</strong></span> 
     </span>
     <span class='ocr_line' id='line_1_55' title="bbox 903 1005 1408 1070; baseline 0.004 -16"><span class='ocrx_word' id='word_1_315' title='bbox 903 1008 948 1055; x_wconf 76' lang='lat' dir='ltr'>Dat</span> <span class='ocrx_word' id='word_1_316' title='bbox 958 1005 1117 1068; x_wconf 75' lang='lat' dir='ltr'><strong>hilaritatem,</strong></span> <span class='ocrx_word' id='word_1_317' title='bbox 1129 1008 1231 1056; x_wconf 89' lang='lat' dir='ltr'><strong>ulterius</strong></span> <span class='ocrx_word' id='word_1_318' title='bbox 1241 1009 1408 1070; x_wconf 70' lang='lat' dir='ltr'><strong>insolentiam,</strong></span> 
     </span>
    </p>

    <p class='ocr_par' dir='ltr' id='par_1_23' title="bbox 902 1096 1402 1158">
     <span class='ocr_line' id='line_1_56' title="bbox 902 1096 1402 1158; baseline 0 -12"><span class='ocrx_word' id='word_1_319' title='bbox 902 1097 928 1146; x_wconf 89' lang='lat' dir='ltr'><strong>Si</strong></span> <span class='ocrx_word' id='word_1_320' title='bbox 940 1109 983 1157; x_wconf 89' lang='lat' dir='ltr'><strong>par</strong></span> <span class='ocrx_word' id='word_1_321' title='bbox 992 1109 1062 1158; x_wconf 81' lang='lat' dir='ltr'><strong>aquae</strong></span> <span class='ocrx_word' id='word_1_322' title='bbox 1073 1096 1179 1157; x_wconf 87' lang='lat' dir='ltr'><strong>bibatur,</strong></span> <span class='ocrx_word' id='word_1_323' title='bbox 1188 1096 1261 1146; x_wconf 87' lang='lat' dir='ltr'><strong>otiam</strong></span> <span class='ocrx_word' id='word_1_324' title='bbox 1272 1097 1388 1146; x_wconf 88' lang='lat' dir='ltr'><strong>insaniam</strong></span> <span class='ocrx_word' id='word_1_325' title='bbox 1395 1114 1402 1158; x_wconf 70' lang='grc' dir='ltr'>ς</span> 
     </span>
    </p>

    <p class='ocr_par' dir='ltr' id='par_1_24' title="bbox 900 1183 1460 1513">
     <span class='ocr_line' id='line_1_57' title="bbox 901 1183 1460 1248; baseline 0.005 -15"><span class='ocrx_word' id='word_1_326' title='bbox 901 1183 927 1233; x_wconf 88' lang='lat' dir='ltr'><strong>Si</strong></span> <span class='ocrx_word' id='word_1_327' title='bbox 939 1197 1043 1246; x_wconf 88' lang='lat' dir='ltr'><strong>purum,</strong></span> <span class='ocrx_word' id='word_1_328' title='bbox 1056 1185 1225 1234; x_wconf 72' lang='lat' dir='ltr'><strong>siderationem</strong></span> <span class='ocrx_word' id='word_1_329' title='bbox 1235 1199 1370 1248; x_wconf 90' lang='lat' dir='ltr'><strong>corporum.</strong></span> <span class='ocrx_word' id='word_1_330' title='bbox 1455 1199 1460 1210; x_wconf 90' lang='lat'><strong>·</strong></span> 
     </span>
     <span class='ocr_line' id='line_1_58' title="bbox 901 1273 1408 1335; baseline 0.008 -15"><span class='ocrx_word' id='word_1_331' title='bbox 901 1273 987 1321; x_wconf 80' lang='lat' dir='ltr'><strong>Marito</strong></span> <span class='ocrx_word' id='word_1_332' title='bbox 997 1275 1124 1335; x_wconf 87' lang='lat' dir='ltr'><strong>propterea</strong></span> <span class='ocrx_word' id='word_1_333' title='bbox 1134 1274 1204 1322; x_wconf 83' lang='lat' dir='ltr'><strong>Liber</strong></span> <span class='ocrx_word' id='word_1_334' title='bbox 1212 1274 1298 1323; x_wconf 84' lang='lat' dir='ltr'><strong>rnedici</strong></span> <span class='ocrx_word' id='word_1_335' title='bbox 1311 1275 1408 1324; x_wconf 89' lang='lat' dir='ltr'><strong>nominc</strong></span> 
     </span>
     <span class='ocr_line' id='line_1_59' title="bbox 901 1361 1450 1425; baseline 0.005 -15"><span class='ocrx_word' id='word_1_336' title='bbox 901 1361 993 1410; x_wconf 86' lang='lat' dir='ltr'><strong>Passim</strong></span> <span class='ocrx_word' id='word_1_337' title='bbox 1007 1361 1154 1423; x_wconf 78' lang='lat' dir='ltr'><strong>indigitetur,</strong></span> <span class='ocrx_word' id='word_1_338' title='bbox 1167 1362 1349 1424; x_wconf 82' lang='lat' dir='ltr'><strong>atqueeundem</strong></span> <span class='ocrx_word' id='word_1_339' title='bbox 1364 1364 1450 1425; x_wconf 76' lang='lat' dir='ltr'><strong>Pythis</strong></span> 
     </span>
     <span class='ocr_line' id='line_1_60' title="bbox 900 1449 1193 1513; baseline 0 -15"><span class='ocrx_word' id='word_1_340' title='bbox 900 1449 976 1498; x_wconf 79' lang='lat' dir='ltr'><strong>tussit</strong></span> <span class='ocrx_word' id='word_1_341' title='bbox 986 1451 1067 1499; x_wconf 87' lang='lat' dir='ltr'><strong>vocari</strong></span> <span class='ocrx_word' id='word_1_342' title='bbox 1079 1452 1193 1513; x_wconf 80' lang='lat' dir='ltr'><strong>sispitem.</strong></span> 
     </span>
    </p>
   </div>
   <div class='ocr_carea' id='block_1_17' title="bbox 1069 1757 1512 1840">
    <p class='ocr_par' dir='ltr' id='par_1_25' title="bbox 1069 1757 1512 1840">
     <span class='ocr_line' id='line_1_61' title="bbox 1069 1757 1512 1840; baseline 0.009 -5"><span class='ocrx_word' id='word_1_343' title='bbox 1069 1779 1235 1838; x_wconf 76' lang='lat' dir='ltr'><strong>sizuvuu</strong></span> <span class='ocrx_word' id='word_1_344' title='bbox 1257 1757 1512 1840; x_wconf 71' lang='lat' dir='ltr'><strong>uuuocnnrr&#39;s</strong></span> 
     </span>
    </p>
   </div>
   <div class='ocr_carea' id='block_1_18' title="bbox 1202 1939 1383 1984">
    <p class='ocr_par' dir='ltr' id='par_1_26' title="bbox 1202 1939 1383 1984">
     <span class='ocr_line' id='line_1_62' title="bbox 1202 1939 1383 1984; baseline 0 -10"><span class='ocrx_word' id='word_1_345' title='bbox 1202 1939 1256 1984; x_wconf 80' lang='lat' dir='ltr'><strong>puin</strong></span> <span class='ocrx_word' id='word_1_346' title='bbox 1270 1939 1383 1974; x_wconf 75' lang='lat' dir='ltr'><strong>uramur.</strong></span> 
     </span>
    </p>
   </div>
   <div class='ocr_carea' id='block_1_19' title="bbox 1184 2107 1408 2168">
    <p class='ocr_par' dir='ltr' id='par_1_27' title="bbox 1184 2107 1408 2168">
     <span class='ocr_line' id='line_1_63' title="bbox 1184 2107 1408 2168; baseline 0.009 -5"><span class='ocrx_word' id='word_1_347' title='bbox 1184 2107 1205 2164; x_wconf 76' lang='lat' dir='ltr'>ii</span> <span class='ocrx_word' id='word_1_348' title='bbox 1229 2108 1408 2168; x_wconf 86' lang='lat' dir='ltr'><strong>PYTHICO.</strong></span> 
     </span>
    </p>
   </div>
   <div class='ocr_carea' id='block_1_20' title="bbox 899 2268 1290 2333">
    <p class='ocr_par' dir='ltr' id='par_1_28' title="bbox 899 2268 1290 2333">
     <span class='ocr_line' id='line_1_64' title="bbox 899 2268 1290 2333; baseline 0.008 -15"><span class='ocrx_word' id='word_1_349' title='bbox 899 2268 923 2318; x_wconf 87' lang='lat' dir='ltr'><strong>Si</strong></span> <span class='ocrx_word' id='word_1_350' title='bbox 934 2269 1075 2318; x_wconf 78' lang='lat' dir='ltr'><strong>dentifriciis</strong></span> <span class='ocrx_word' id='word_1_351' title='bbox 1086 2272 1152 2320; x_wconf 84' lang='lat' dir='ltr'><strong>votes</strong></span> <span class='ocrx_word' id='word_1_352' title='bbox 1163 2273 1196 2320; x_wconf 89' lang='lat' dir='ltr'><strong>uti</strong></span> <span class='ocrx_word' id='word_1_353' title='bbox 1210 2273 1290 2333; x_wconf 82' lang='lat' dir='ltr'><strong>mnis,</strong></span> 
     </span>
    </p>
   </div>
   <div class='ocr_carea' id='block_1_21' title="bbox 854 2341 1447 2424">
    <p class='ocr_par' dir='ltr' id='par_1_29' title="bbox 854 2341 1447 2424">
     <span class='ocr_line' id='line_1_65' title="bbox 854 2341 1447 2424; baseline 0.01 -20"><span class='ocrx_word' id='word_1_354' title='bbox 854 2391 858 2398; x_wconf 86' lang='lat'>.</span> <span class='ocrx_word' id='word_1_355' title='bbox 899 2361 959 2415; x_wconf 80' lang='lat' dir='ltr'>Qum</span> <span class='ocrx_word' id='word_1_356' title='bbox 970 2358 1084 2408; x_wconf 86' lang='lat' dir='ltr'><strong>candidos</strong></span> <span class='ocrx_word' id='word_1_357' title='bbox 1095 2360 1246 2420; x_wconf 87' lang='lat' dir='ltr'><strong>custodiant,</strong></span> <span class='ocrx_word' id='word_1_358' title='bbox 1258 2363 1331 2423; x_wconf 83' lang='lat' dir='ltr'><strong>atque</strong></span> <span class='ocrx_word' id='word_1_359' title='bbox 1342 2341 1447 2424; x_wconf 85' lang='lat' dir='ltr'><strong>integros</strong></span> 
     </span>
    </p>
   </div>
   <div class='ocr_carea' id='block_1_22' title="bbox 892 2447 1525 3832">
    <p class='ocr_par' dir='ltr' id='par_1_30' title="bbox 894 2447 1525 3480">
     <span class='ocr_line' id='line_1_66' title="bbox 898 2447 1434 2509; baseline 0.007 -15"><span class='ocrx_word' id='word_1_360' title='bbox 898 2447 987 2494; x_wconf 70' lang='lat' dir='ltr'><strong>Uentos</strong></span> <span class='ocrx_word' id='word_1_361' title='bbox 1000 2450 1143 2496; x_wconf 87' lang='lat' dir='ltr'><strong>conservent</strong></span> <span class='ocrx_word' id='word_1_362' title='bbox 1152 2448 1202 2496; x_wconf 87' lang='lat' dir='ltr'><strong>oris</strong></span> <span class='ocrx_word' id='word_1_363' title='bbox 1211 2451 1236 2496; x_wconf 87' lang='lat' dir='ltr'>et</span> <span class='ocrx_word' id='word_1_364' title='bbox 1247 2449 1434 2509; x_wconf 76' lang='lat' dir='ltr'><strong>graveolentiam</strong></span> 
     </span>
     <span class='ocr_line' id='line_1_67' title="bbox 898 2533 1456 2599; baseline 0.007 -18"><span class='ocrx_word' id='word_1_365' title='bbox 898 2535 1025 2594; x_wconf 71' lang='lat' dir='ltr'><strong>Latiasque</strong></span> <span class='ocrx_word' id='word_1_366' title='bbox 1034 2533 1142 2596; x_wconf 79' lang='lat' dir='ltr'><strong>gingivas</strong></span> <span class='ocrx_word' id='word_1_367' title='bbox 1156 2535 1270 2587; x_wconf 81' lang='lat' dir='ltr'><strong>sedentet</strong></span> <span class='ocrx_word' id='word_1_368' title='bbox 1282 2537 1456 2599; x_wconf 87' lang='lat' dir='ltr'><strong>comprimant,</strong></span> 
     </span>
     <span class='ocr_line' id='line_1_68' title="bbox 896 2621 1505 2686; baseline -0.003 -16"><span class='ocrx_word' id='word_1_369' title='bbox 896 2621 984 2670; x_wconf 71' lang='lat' dir='ltr'><strong>aihum</strong></span> <span class='ocrx_word' id='word_1_370' title='bbox 994 2622 1040 2670; x_wconf 88' lang='lat' dir='ltr'><strong>troc</strong></span> <span class='ocrx_word' id='word_1_371' title='bbox 1050 2623 1145 2683; x_wconf 87' lang='lat' dir='ltr'><strong>parabis</strong></span> <span class='ocrx_word' id='word_1_372' title='bbox 1154 2623 1274 2685; x_wconf 86' lang='lat' dir='ltr'><strong>optimum</strong></span> <span class='ocrx_word' id='word_1_373' title='bbox 1283 2625 1318 2673; x_wconf 89' lang='lat' dir='ltr'>sic</span> <span class='ocrx_word' id='word_1_374' title='bbox 1329 2625 1487 2686; x_wconf 79' lang='lat' dir='ltr'><strong>pharmacum</strong></span> <span class='ocrx_word' id='word_1_375' title='bbox 1498 2639 1505 2668; x_wconf 76' lang='grc' dir='ltr'>τ</span> 
     </span>
     <span class='ocr_line' id='line_1_69' title="bbox 896 2710 1511 2775; baseline 0.01 -19"><span class='ocrx_word' id='word_1_376' title='bbox 896 2710 965 2758; x_wconf 87' lang='lat' dir='ltr'><strong>corvi</strong></span> <span class='ocrx_word' id='word_1_377' title='bbox 976 2723 1037 2772; x_wconf 86' lang='lat' dir='ltr'><strong>cape</strong></span> <span class='ocrx_word' id='word_1_378' title='bbox 1049 2723 1124 2759; x_wconf 85' lang='lat' dir='ltr'><strong>cornu</strong></span> <span class='ocrx_word' id='word_1_379' title='bbox 1135 2712 1169 2760; x_wconf 89' lang='lat' dir='ltr'>sic</span> <span class='ocrx_word' id='word_1_380' title='bbox 1177 2715 1264 2773; x_wconf 85' lang='lat' dir='ltr'><strong>quater</strong></span> <span class='ocrx_word' id='word_1_381' title='bbox 1272 2713 1321 2760; x_wconf 89' lang='lat' dir='ltr'><strong>usti</strong></span> <span class='ocrx_word' id='word_1_382' title='bbox 1331 2727 1406 2774; x_wconf 81' lang='lat' dir='ltr'><strong>quam</strong></span> <span class='ocrx_word' id='word_1_383' title='bbox 1420 2713 1511 2775; x_wconf 86' lang='lat' dir='ltr'><strong>optimc</strong></span> 
     </span>
     <span class='ocr_line' id='line_1_70' title="bbox 897 2799 1468 2862; baseline 0.009 -18"><span class='ocrx_word' id='word_1_384' title='bbox 897 2800 1009 2854; x_wconf 83' lang='lat' dir='ltr'><strong>Quatuor</strong></span> <span class='ocrx_word' id='word_1_385' title='bbox 1021 2799 1101 2860; x_wconf 89' lang='lat' dir='ltr'><strong>pondo</strong></span> <span class='ocrx_word' id='word_1_386' title='bbox 1117 2799 1203 2860; x_wconf 84' lang='lat' dir='ltr'><strong>libras,</strong></span> <span class='ocrx_word' id='word_1_387' title='bbox 1217 2799 1273 2848; x_wconf 88' lang='lat' dir='ltr'><strong>satis</strong></span> <span class='ocrx_word' id='word_1_388' title='bbox 1281 2801 1357 2849; x_wconf 89' lang='lat' dir='ltr'><strong>soiam</strong></span> <span class='ocrx_word' id='word_1_389' title='bbox 1368 2801 1468 2862; x_wconf 85' lang='lat' dir='ltr'><strong>libram,</strong></span> 
     </span>
     <span class='ocr_line' id='line_1_71' title="bbox 897 2885 1463 2949; baseline 0.009 -17"><span class='ocrx_word' id='word_1_390' title='bbox 897 2885 1045 2934; x_wconf 78' lang='lat' dir='ltr'><strong>Ammoniaci</strong></span> <span class='ocrx_word' id='word_1_391' title='bbox 1057 2885 1123 2946; x_wconf 89' lang='lat' dir='ltr'><strong>sicci,</strong></span> <span class='ocrx_word' id='word_1_392' title='bbox 1135 2901 1180 2934; x_wconf 91' lang='lat' dir='ltr'><strong>noc</strong></span> <span class='ocrx_word' id='word_1_393' title='bbox 1191 2887 1267 2936; x_wconf 90' lang='lat' dir='ltr'><strong>amari</strong></span> <span class='ocrx_word' id='word_1_394' title='bbox 1277 2887 1334 2936; x_wconf 82' lang='lat' dir='ltr'><strong>irinc</strong></span> <span class='ocrx_word' id='word_1_395' title='bbox 1346 2888 1463 2949; x_wconf 90' lang='lat' dir='ltr'><strong>amptius,</strong></span> 
     </span>
     <span class='ocr_line' id='line_1_72' title="bbox 896 2972 1443 3037; baseline 0.011 -17"><span class='ocrx_word' id='word_1_396' title='bbox 896 2972 1033 3035; x_wconf 74' lang='lat' dir='ltr'><strong>uticeque,</strong></span> <span class='ocrx_word' id='word_1_397' title='bbox 1045 2974 1249 3026; x_wconf 81' lang='lat' dir='ltr'><strong>masticircscirim</strong></span> <span class='ocrx_word' id='word_1_398' title='bbox 1257 2975 1443 3037; x_wconf 77' lang='lat' dir='ltr'><strong>summittimus,</strong></span> 
     </span>
     <span class='ocr_line' id='line_1_73' title="bbox 896 3061 1525 3128; baseline 0.006 -18"><span class='ocrx_word' id='word_1_399' title='bbox 896 3061 961 3110; x_wconf 86' lang='lat' dir='ltr'><strong>Costi</strong></span> <span class='ocrx_word' id='word_1_400' title='bbox 975 3061 1135 3123; x_wconf 83' lang='lat' dir='ltr'><strong>quadrantem</strong></span> <span class='ocrx_word' id='word_1_401' title='bbox 1146 3065 1188 3112; x_wconf 90' lang='lat' dir='ltr'><strong>aut</strong></span> <span class='ocrx_word' id='word_1_402' title='bbox 1200 3063 1326 3125; x_wconf 80' lang='lat' dir='ltr'><strong>pardulum</strong></span> <span class='ocrx_word' id='word_1_403' title='bbox 1340 3064 1397 3128; x_wconf 88' lang='lat' dir='ltr'><strong>quid</strong></span> <span class='ocrx_word' id='word_1_404' title='bbox 1406 3065 1525 3128; x_wconf 86' lang='lat' dir='ltr'><strong>amptius,</strong></span> 
     </span>
     <span class='ocr_line' id='line_1_74' title="bbox 894 3149 1435 3214; baseline 0.007 -17"><span class='ocrx_word' id='word_1_405' title='bbox 894 3149 997 3211; x_wconf 70' lang='lat' dir='ltr'><strong>tibique</strong></span> <span class='ocrx_word' id='word_1_406' title='bbox 1008 3151 1074 3210; x_wconf 80' lang='lat' dir='ltr'><strong>iunci</strong></span> <span class='ocrx_word' id='word_1_407' title='bbox 1087 3153 1191 3212; x_wconf 87' lang='lat' dir='ltr'><strong>tantum,</strong></span> <span class='ocrx_word' id='word_1_408' title='bbox 1203 3154 1226 3200; x_wconf 86' lang='lat' dir='ltr'><strong>ct</strong></span> <span class='ocrx_word' id='word_1_409' title='bbox 1240 3151 1327 3214; x_wconf 85' lang='lat' dir='ltr'><strong>piperis</strong></span> <span class='ocrx_word' id='word_1_410' title='bbox 1339 3153 1435 3202; x_wconf 89' lang='lat' dir='ltr'><strong>candidi</strong></span> 
     </span>
     <span class='ocr_line' id='line_1_75' title="bbox 895 3240 1480 3300; baseline 0.009 -12"><span class='ocrx_word' id='word_1_411' title='bbox 895 3241 972 3288; x_wconf 81' lang='lat' dir='ltr'><strong>L&#39;nam</strong></span> <span class='ocrx_word' id='word_1_412' title='bbox 985 3241 1091 3300; x_wconf 73' lang='lat' dir='ltr'><strong>lanciam,</strong></span> <span class='ocrx_word' id='word_1_413' title='bbox 1104 3240 1152 3289; x_wconf 85' lang='lat' dir='ltr'><strong>iuiii</strong></span> <span class='ocrx_word' id='word_1_414' title='bbox 1166 3240 1309 3289; x_wconf 83' lang='lat' dir='ltr'><strong>niaiabatirri</strong></span> <span class='ocrx_word' id='word_1_415' title='bbox 1319 3242 1402 3290; x_wconf 72' lang='lat' dir='ltr'><strong>rrnrzias</strong></span> <span class='ocrx_word' id='word_1_416' title='bbox 1411 3243 1480 3293; x_wconf 83' lang='lat' dir='ltr'><strong>duas.</strong></span> 
     </span>
     <span class='ocr_line' id='line_1_76' title="bbox 895 3328 1415 3388; baseline 0 -10"><span class='ocrx_word' id='word_1_417' title='bbox 895 3330 1016 3388; x_wconf 86' lang='lat' dir='ltr'><strong>Contusa,</strong></span> <span class='ocrx_word' id='word_1_418' title='bbox 1029 3328 1132 3377; x_wconf 88' lang='lat' dir='ltr'><strong>cribrata</strong></span> <span class='ocrx_word' id='word_1_419' title='bbox 1142 3330 1223 3376; x_wconf 85' lang='lat' dir='ltr'><strong>ouruia</strong></span> <span class='ocrx_word' id='word_1_420' title='bbox 1238 3329 1290 3378; x_wconf 76' lang='lat' dir='ltr'><strong>trane</strong></span> <span class='ocrx_word' id='word_1_421' title='bbox 1301 3330 1415 3378; x_wconf 83' lang='lat' dir='ltr'><strong>mortario</strong></span> 
     </span>
     <span class='ocr_line' id='line_1_77' title="bbox 895 3417 1383 3480; baseline 0.006 -18"><span class='ocrx_word' id='word_1_422' title='bbox 895 3417 988 3466; x_wconf 75' lang='lat' dir='ltr'><strong>litanda</strong></span> <span class='ocrx_word' id='word_1_423' title='bbox 998 3417 1116 3480; x_wconf 78' lang='lat' dir='ltr'><strong>praebcbis</strong></span> <span class='ocrx_word' id='word_1_424' title='bbox 1126 3417 1198 3466; x_wconf 84' lang='lat' dir='ltr'><strong>inodo</strong></span> <span class='ocrx_word' id='word_1_425' title='bbox 1208 3431 1280 3480; x_wconf 85' lang='lat' dir='ltr'><strong>quem</strong></span> <span class='ocrx_word' id='word_1_426' title='bbox 1291 3418 1383 3468; x_wconf 87' lang='lat' dir='ltr'><strong>dixero.</strong></span> 
     </span>
    </p>

    <p class='ocr_par' dir='ltr' id='par_1_31' title="bbox 892 3503 1481 3832">
     <span class='ocr_line' id='line_1_78' title="bbox 893 3503 1481 3569; baseline 0.012 -18"><span class='ocrx_word' id='word_1_427' title='bbox 893 3503 963 3561; x_wconf 90' lang='lat' dir='ltr'><strong>Quod</strong></span> <span class='ocrx_word' id='word_1_428' title='bbox 973 3505 992 3552; x_wconf 88' lang='lat' dir='ltr'>si</span> <span class='ocrx_word' id='word_1_429' title='bbox 1002 3505 1062 3552; x_wconf 88' lang='lat' dir='ltr'><strong>votis</strong></span> <span class='ocrx_word' id='word_1_430' title='bbox 1072 3519 1156 3566; x_wconf 78' lang='lat' dir='ltr'><strong>piararc</strong></span> <span class='ocrx_word' id='word_1_431' title='bbox 1166 3505 1262 3568; x_wconf 75' lang='lat' dir='ltr'><strong>quando</strong></span> <span class='ocrx_word' id='word_1_432' title='bbox 1272 3506 1302 3554; x_wconf 87' lang='lat' dir='ltr'><strong>ad</strong></span> <span class='ocrx_word' id='word_1_433' title='bbox 1313 3507 1481 3569; x_wconf 84' lang='lat' dir='ltr'><strong>piriegmonas,</strong></span> 
     </span>
     <span class='ocr_line' id='line_1_79' title="bbox 894 3593 1335 3656; baseline 0.009 -17"><span class='ocrx_word' id='word_1_434' title='bbox 894 3595 922 3640; x_wconf 81' lang='lat' dir='ltr'>nt</span> <span class='ocrx_word' id='word_1_435' title='bbox 932 3593 1100 3654; x_wconf 86' lang='lat' dir='ltr'><strong>utiiegingivis</strong></span> <span class='ocrx_word' id='word_1_436' title='bbox 1112 3595 1233 3656; x_wconf 82' lang='lat' dir='ltr'><strong>ornantia,</strong></span> <span class='ocrx_word' id='word_1_437' title='bbox 1246 3595 1335 3644; x_wconf 88' lang='lat' dir='ltr'><strong>sauciis</strong></span> 
     </span>
     <span class='ocr_line' id='line_1_80' title="bbox 892 3682 1436 3745; baseline 0.004 -15"><span class='ocrx_word' id='word_1_438' title='bbox 892 3682 1252 3742; x_wconf 81' lang='lat' dir='ltr'><strong>(tarnemquccaiiosamsimui</strong></span> <span class='ocrx_word' id='word_1_439' title='bbox 1268 3683 1436 3745; x_wconf 80' lang='lat' dir='ltr'><strong>promentibus</strong></span> 
     </span>
     <span class='ocr_line' id='line_1_81' title="bbox 893 3768 1396 3832; baseline 0.002 -13"><span class='ocrx_word' id='word_1_440' title='bbox 893 3768 956 3819; x_wconf 78' lang='lat' dir='ltr'><strong>niun</strong></span> <span class='ocrx_word' id='word_1_441' title='bbox 967 3770 1012 3818; x_wconf 88' lang='lat' dir='ltr'><strong>inis</strong></span> <span class='ocrx_word' id='word_1_442' title='bbox 1023 3770 1162 3832; x_wconf 77' lang='lat' dir='ltr'><strong>conjungito</strong></span> <span class='ocrx_word' id='word_1_443' title='bbox 1175 3771 1211 3818; x_wconf 83' lang='lat' dir='ltr'><strong>iiis</strong></span> <span class='ocrx_word' id='word_1_444' title='bbox 1222 3771 1289 3820; x_wconf 88' lang='lat' dir='ltr'><strong>scissi</strong></span> <span class='ocrx_word' id='word_1_445' title='bbox 1302 3771 1396 3820; x_wconf 86' lang='lat' dir='ltr'><strong>libram.</strong></span> 
     </span>
    </p>
   </div>
   <div class='ocr_carea' id='block_1_23' title="bbox 999 3954 1571 3996">
    <p class='ocr_par' dir='ltr' id='par_1_32' title="bbox 999 3954 1571 3996">
     <span class='ocr_line' id='line_1_82' title="bbox 999 3954 1571 3996; baseline 0.009 -4"><span class='ocrx_word' id='word_1_446' title='bbox 999 3954 1095 3994; x_wconf 73' lang='lat' dir='ltr'><strong>anitii)</strong></span> <span class='ocrx_word' id='word_1_447' title='bbox 1117 3954 1310 3994; x_wconf 78' lang='lat' dir='ltr'><strong>imituclmTts</strong></span> <span class='ocrx_word' id='word_1_448' title='bbox 1330 3954 1571 3996; x_wconf 73' lang='lat' dir='ltr'><strong>nnn&#39;rlrulcttiu.</strong></span> 
     </span>
    </p>
   </div>
   <div class='ocr_carea' id='block_1_24' title="bbox 886 4122 1580 5156">
    <p class='ocr_par' dir='ltr' id='par_1_33' title="bbox 890 4122 1426 4183">
     <span class='ocr_line' id='line_1_83' title="bbox 890 4122 1426 4183; baseline 0.007 -17"><span class='ocrx_word' id='word_1_449' title='bbox 890 4122 981 4170; x_wconf 85' lang='lat' dir='ltr'><strong>Verum</strong></span> <span class='ocrx_word' id='word_1_450' title='bbox 992 4123 1067 4182; x_wconf 78' lang='lat' dir='ltr'><strong>magis</strong></span> <span class='ocrx_word' id='word_1_451' title='bbox 1085 4123 1189 4183; x_wconf 82' lang='lat' dir='ltr'><strong>pavaiiiic</strong></span> <span class='ocrx_word' id='word_1_452' title='bbox 1202 4124 1247 4170; x_wconf 82' lang='lat' dir='ltr'><strong>truc</strong></span> <span class='ocrx_word' id='word_1_453' title='bbox 1257 4123 1357 4172; x_wconf 71' lang='lat' dir='ltr'><strong>sortasse</strong></span> <span class='ocrx_word' id='word_1_454' title='bbox 1369 4127 1426 4176; x_wconf 84' lang='lat' dir='ltr'><strong>erit,</strong></span> 
     </span>
    </p>

    <p class='ocr_par' dir='ltr' id='par_1_34' title="bbox 888 4209 1546 4626">
     <span class='ocr_line' id='line_1_84' title="bbox 891 4209 1505 4271; baseline 0.003 -15"><span class='ocrx_word' id='word_1_455' title='bbox 891 4209 921 4256; x_wconf 82' lang='lat' dir='ltr'>nt</span> <span class='ocrx_word' id='word_1_456' title='bbox 934 4211 1071 4271; x_wconf 86' lang='lat' dir='ltr'><strong>promptius</strong></span> <span class='ocrx_word' id='word_1_457' title='bbox 1081 4211 1172 4259; x_wconf 84' lang='lat' dir='ltr'><strong>iactum</strong></span> <span class='ocrx_word' id='word_1_458' title='bbox 1182 4215 1261 4260; x_wconf 87' lang='lat' dir='ltr'><strong>ruinus</strong></span> <span class='ocrx_word' id='word_1_459' title='bbox 1274 4225 1319 4260; x_wconf 80' lang='lat' dir='ltr'><strong>nec</strong></span> <span class='ocrx_word' id='word_1_460' title='bbox 1334 4211 1505 4270; x_wconf 74' lang='lat' dir='ltr'><strong>consauradum,</strong></span> 
     </span>
     <span class='ocr_line' id='line_1_85' title="bbox 890 4296 1436 4362; baseline 0.004 -18"><span class='ocrx_word' id='word_1_461' title='bbox 890 4296 1003 4346; x_wconf 72' lang='lat' dir='ltr'><strong>admixta</strong></span> <span class='ocrx_word' id='word_1_462' title='bbox 1015 4301 1039 4346; x_wconf 86' lang='lat' dir='ltr'>et</span> <span class='ocrx_word' id='word_1_463' title='bbox 1049 4299 1096 4347; x_wconf 90' lang='lat' dir='ltr'><strong>troc</strong></span> <span class='ocrx_word' id='word_1_464' title='bbox 1105 4299 1208 4362; x_wconf 81' lang='lat' dir='ltr'><strong>qirudam</strong></span> <span class='ocrx_word' id='word_1_465' title='bbox 1217 4301 1289 4349; x_wconf 91' lang='lat' dir='ltr'><strong>simui</strong></span> <span class='ocrx_word' id='word_1_466' title='bbox 1299 4299 1436 4348; x_wconf 83' lang='lat' dir='ltr'><strong>dulcedine.</strong></span> 
     </span>
     <span class='ocr_line' id='line_1_86' title="bbox 889 4385 1462 4450; baseline 0.002 -17"><span class='ocrx_word' id='word_1_467' title='bbox 889 4385 1108 4435; x_wconf 86' lang='lat' dir='ltr'><strong>Mutiumsideritin</strong></span> <span class='ocrx_word' id='word_1_468' title='bbox 1119 4388 1221 4436; x_wconf 74' lang='lat' dir='ltr'><strong>viridum</strong></span> <span class='ocrx_word' id='word_1_469' title='bbox 1235 4389 1314 4450; x_wconf 83' lang='lat' dir='ltr'><strong>capito</strong></span> <span class='ocrx_word' id='word_1_470' title='bbox 1323 4387 1462 4446; x_wconf 88' lang='lat' dir='ltr'><strong>lrcrbutanr,</strong></span> 
     </span>
     <span class='ocr_line' id='line_1_87' title="bbox 890 4473 1546 4537; baseline 0.002 -15"><span class='ocrx_word' id='word_1_471' title='bbox 890 4475 999 4534; x_wconf 82' lang='lat' dir='ltr'><strong>Magnam</strong></span> <span class='ocrx_word' id='word_1_472' title='bbox 1008 4475 1031 4522; x_wconf 91' lang='lat' dir='ltr'><strong>in</strong></span> <span class='ocrx_word' id='word_1_473' title='bbox 1041 4488 1128 4524; x_wconf 88' lang='lat' dir='ltr'><strong>novam</strong></span> <span class='ocrx_word' id='word_1_474' title='bbox 1138 4491 1211 4537; x_wconf 82' lang='lat' dir='ltr'><strong>‹pmm</strong></span> <span class='ocrx_word' id='word_1_475' title='bbox 1222 4479 1247 4525; x_wconf 92' lang='lat' dir='ltr'>tu</span> <span class='ocrx_word' id='word_1_476' title='bbox 1258 4476 1363 4537; x_wconf 86' lang='lat' dir='ltr'><strong>patinam</strong></span> <span class='ocrx_word' id='word_1_477' title='bbox 1376 4489 1432 4522; x_wconf 86' lang='lat' dir='ltr'>mox</span> <span class='ocrx_word' id='word_1_478' title='bbox 1447 4473 1546 4523; x_wconf 88' lang='lat' dir='ltr'><strong>inditam</strong></span> 
     </span>
     <span class='ocr_line' id='line_1_88' title="bbox 888 4563 1392 4626; baseline 0 -16"><span class='ocrx_word' id='word_1_479' title='bbox 888 4563 998 4610; x_wconf 83' lang='lat' dir='ltr'><strong>Misccbis</strong></span> <span class='ocrx_word' id='word_1_480' title='bbox 1007 4563 1097 4611; x_wconf 86' lang='lat' dir='ltr'><strong>hordeo</strong></span> <span class='ocrx_word' id='word_1_481' title='bbox 1109 4566 1197 4612; x_wconf 75' lang='lat' dir='ltr'><strong>rricouti</strong></span> <span class='ocrx_word' id='word_1_482' title='bbox 1211 4569 1285 4626; x_wconf 84' lang='lat' dir='ltr'><strong>atqrre</strong></span> <span class='ocrx_word' id='word_1_483' title='bbox 1297 4563 1392 4612; x_wconf 72' lang='lat' dir='ltr'><strong>sinodico</strong></span> 
     </span>
    </p>

    <p class='ocr_par' dir='ltr' id='par_1_35' title="bbox 888 4649 1580 4892">
     <span class='ocr_line' id='line_1_89' title="bbox 888 4649 1426 4714; baseline 0.002 -15"><span class='ocrx_word' id='word_1_484' title='bbox 888 4649 943 4709; x_wconf 90' lang='lat' dir='ltr'><strong>Sic,</strong></span> <span class='ocrx_word' id='word_1_485' title='bbox 955 4650 1045 4699; x_wconf 86' lang='lat' dir='ltr'><strong>hordeo</strong></span> <span class='ocrx_word' id='word_1_486' title='bbox 1060 4653 1087 4700; x_wconf 91' lang='lat' dir='ltr'>ut</span> <span class='ocrx_word' id='word_1_487' title='bbox 1099 4653 1177 4713; x_wconf 87' lang='lat' dir='ltr'><strong>posito</strong></span> <span class='ocrx_word' id='word_1_488' title='bbox 1187 4655 1302 4714; x_wconf 74' lang='lat' dir='ltr'><strong>sentiatur</strong></span> <span class='ocrx_word' id='word_1_489' title='bbox 1317 4651 1426 4700; x_wconf 79' lang='lat' dir='ltr'><strong>discicius</strong></span> 
     </span>
     <span class='ocr_line' id='line_1_90' title="bbox 888 4739 1580 4802; baseline 0.003 -14"><span class='ocrx_word' id='word_1_490' title='bbox 888 4739 1030 4800; x_wconf 82' lang='lat' dir='ltr'><strong>iierbae,sat</strong></span> <span class='ocrx_word' id='word_1_491' title='bbox 1043 4740 1112 4799; x_wconf 86' lang='lat' dir='ltr'><strong>irinc,</strong></span> <span class='ocrx_word' id='word_1_492' title='bbox 1126 4741 1199 4790; x_wconf 83' lang='lat' dir='ltr'><strong>irerivu</strong></span> <span class='ocrx_word' id='word_1_493' title='bbox 1206 4744 1279 4802; x_wconf 70' lang='lat' dir='ltr'><strong>sitque</strong></span> <span class='ocrx_word' id='word_1_494' title='bbox 1287 4743 1373 4788; x_wconf 87' lang='lat' dir='ltr'><strong>iterum</strong></span> <span class='ocrx_word' id='word_1_495' title='bbox 1382 4755 1440 4790; x_wconf 87' lang='lat' dir='ltr'>mox</span> <span class='ocrx_word' id='word_1_496' title='bbox 1452 4742 1580 4802; x_wconf 81' lang='lat' dir='ltr'><strong>hordeum,</strong></span> 
     </span>
     <span class='ocr_line' id='line_1_91' title="bbox 888 4829 1395 4892; baseline 0.004 -16"><span class='ocrx_word' id='word_1_497' title='bbox 888 4829 1005 4892; x_wconf 86' lang='lat' dir='ltr'><strong>Fiantque</strong></span> <span class='ocrx_word' id='word_1_498' title='bbox 1017 4829 1110 4877; x_wconf 87' lang='lat' dir='ltr'><strong>tamdiu</strong></span> <span class='ocrx_word' id='word_1_499' title='bbox 1122 4829 1225 4877; x_wconf 69' lang='lat' dir='ltr'><strong>vicissim</strong></span> <span class='ocrx_word' id='word_1_500' title='bbox 1237 4829 1290 4877; x_wconf 83' lang='lat' dir='ltr'><strong>trac</strong></span> <span class='ocrx_word' id='word_1_501' title='bbox 1297 4830 1377 4878; x_wconf 89' lang='lat' dir='ltr'><strong>omnia</strong></span> <span class='ocrx_word' id='word_1_502' title='bbox 1388 4867 1395 4889; x_wconf 94' lang='lat'><strong>,</strong></span> 
     </span>
    </p>

    <p class='ocr_par' dir='ltr' id='par_1_36' title="bbox 888 4917 1498 4980">
     <span class='ocr_line' id='line_1_92' title="bbox 888 4917 1498 4980; baseline 0.005 -14"><span class='ocrx_word' id='word_1_503' title='bbox 888 4920 969 4966; x_wconf 86' lang='lat' dir='ltr'><strong>Donec</strong></span> <span class='ocrx_word' id='word_1_504' title='bbox 980 4918 1068 4980; x_wconf 82' lang='lat' dir='ltr'><strong>patinae</strong></span> <span class='ocrx_word' id='word_1_505' title='bbox 1078 4931 1175 4966; x_wconf 79' lang='grc' dir='ltr'>οιαιιιιιι</span> <span class='ocrx_word' id='word_1_506' title='bbox 1185 4917 1289 4978; x_wconf 72' lang='lat' dir='ltr'><strong>expieris</strong></span> <span class='ocrx_word' id='word_1_507' title='bbox 1300 4919 1498 4979; x_wconf 85' lang='lat' dir='ltr'><strong>amptitudinem,</strong></span> 
     </span>
    </p>

    <p class='ocr_par' dir='ltr' id='par_1_37' title="bbox 886 5005 1514 5156">
     <span class='ocr_line' id='line_1_93' title="bbox 888 5005 1514 5067; baseline 0.006 -13"><span class='ocrx_word' id='word_1_508' title='bbox 888 5008 920 5054; x_wconf 86' lang='lat' dir='ltr'>ut</span> <span class='ocrx_word' id='word_1_509' title='bbox 932 5019 989 5053; x_wconf 85' lang='lat' dir='ltr'>mox</span> <span class='ocrx_word' id='word_1_510' title='bbox 998 5017 1130 5067; x_wconf 86' lang='lat' dir='ltr'><strong>supernum</strong></span> <span class='ocrx_word' id='word_1_511' title='bbox 1143 5019 1225 5052; x_wconf 80' lang='lat' dir='ltr'><strong>rursus</strong></span> <span class='ocrx_word' id='word_1_512' title='bbox 1235 5005 1310 5054; x_wconf 81' lang='lat' dir='ltr'><strong>herba</strong></span> <span class='ocrx_word' id='word_1_513' title='bbox 1323 5006 1412 5056; x_wconf 79' lang='lat' dir='ltr'><strong>lrabeat</strong></span> <span class='ocrx_word' id='word_1_514' title='bbox 1424 5007 1514 5058; x_wconf 88' lang='lat' dir='ltr'><strong>iocum.</strong></span> 
     </span>
     <span class='ocr_line' id='line_1_94' title="bbox 886 5094 1425 5156; baseline 0.006 -14"><span class='ocrx_word' id='word_1_515' title='bbox 886 5097 1079 5156; x_wconf 85' lang='lat' dir='ltr'><strong>Fumoquemox</strong></span> <span class='ocrx_word' id='word_1_516' title='bbox 1087 5094 1179 5142; x_wconf 85' lang='lat' dir='ltr'><strong>caiente</strong></span> <span class='ocrx_word' id='word_1_517' title='bbox 1192 5097 1234 5142; x_wconf 81' lang='lat' dir='ltr'><strong>arri</strong></span> <span class='ocrx_word' id='word_1_518' title='bbox 1246 5094 1341 5143; x_wconf 82' lang='lat' dir='ltr'><strong>clibano</strong></span> <span class='ocrx_word' id='word_1_519' title='bbox 1349 5095 1425 5145; x_wconf 84' lang='lat' dir='ltr'><strong>indita</strong></span> 
     </span>
    </p>
   </div>
   <div class='ocr_carea' id='block_1_25' title="bbox 868 5183 1403 5348">
    <p class='ocr_par' dir='ltr' id='par_1_38' title="bbox 868 5183 1403 5348">
     <span class='ocr_line' id='line_1_95' title="bbox 874 5183 1391 5252; baseline 0.006 -22"><span class='ocrx_word' id='word_1_520' title='bbox 874 5183 1008 5252; x_wconf 29' lang='lat' dir='ltr'><strong>&#39;Torrenua</strong></span> <span class='ocrx_word' id='word_1_521' title='bbox 1019 5196 1061 5244; x_wconf 82' lang='lat' dir='ltr'>per</span> <span class='ocrx_word' id='word_1_522' title='bbox 1071 5185 1165 5230; x_wconf 87' lang='lat' dir='ltr'><strong>noctem</strong></span> <span class='ocrx_word' id='word_1_523' title='bbox 1175 5183 1237 5230; x_wconf 80' lang='lat' dir='ltr'><strong>sirus</strong></span> <span class='ocrx_word' id='word_1_524' title='bbox 1251 5183 1303 5232; x_wconf 77' lang='lat' dir='ltr'><strong>siva</strong></span> <span class='ocrx_word' id='word_1_525' title='bbox 1313 5185 1391 5246; x_wconf 77' lang='lat' dir='ltr'><strong>potius</strong></span> 
     </span>
     <span class='ocr_line' id='line_1_96' title="bbox 868 5271 1403 5348; baseline 0.002 -27"><span class='ocrx_word' id='word_1_526' title='bbox 868 5338 872 5348; x_wconf 38' lang='grc' dir='ltr'>Ι</span> <span class='ocrx_word' id='word_1_527' title='bbox 885 5271 998 5332; x_wconf 85' lang='lat' dir='ltr'><strong>Urenda,</strong></span> <span class='ocrx_word' id='word_1_528' title='bbox 1010 5285 1059 5334; x_wconf 87' lang='lat' dir='ltr'>quo</span> <span class='ocrx_word' id='word_1_529' title='bbox 1069 5271 1113 5321; x_wconf 76' lang='lat' dir='ltr'><strong>teri</strong></span> <span class='ocrx_word' id='word_1_530' title='bbox 1123 5273 1213 5334; x_wconf 84' lang='lat' dir='ltr'><strong>qrrenut</strong></span> <span class='ocrx_word' id='word_1_531' title='bbox 1224 5272 1255 5321; x_wconf 90' lang='lat' dir='ltr'>ita</span> <span class='ocrx_word' id='word_1_532' title='bbox 1269 5273 1403 5335; x_wconf 80' lang='lat' dir='ltr'><strong>prromptius</strong></span> 
     </span>
    </p>
   </div>
   <div class='ocr_carea' id='block_1_26' title="bbox 1511 5348 1546 5389">
    <p class='ocr_par' dir='ltr' id='par_1_39' title="bbox 1511 5348 1546 5389">
     <span class='ocr_line' id='line_1_97' title="bbox 1511 5348 1546 5389; baseline 0 0"><span class='ocrx_word' id='word_1_533' title='bbox 1511 5348 1546 5389; x_wconf 63' lang='grc' dir='ltr'>Ἂν</span> 
     </span>
    </p>
   </div>
   <div class='ocr_carea' id='block_1_27' title="bbox 0 0 2000 6076">
    <p class='ocr_par' dir='ltr' id='par_1_40' title="bbox 0 0 2000 6076">
     <span class='ocr_line' id='line_1_98' title="bbox 0 0 2000 6076; baseline 0 0"><span class='ocrx_word' id='word_1_534' title='bbox 0 0 2000 6076; x_wconf 95' lang='lat' dir='ltr'> </span> 
     </span>
    </p>
   </div>
  </div>
 </body>
</html>
