4066 6038
292 462 329 514 44
880 445 1080 506 oumnuot
1104 444 1393 504 sateltitibus.

389 580 490 643 “Orsua
502 581 524 639 δ’
535 571 688 659 αύχήμῃσι
701 577 836 662 περίπλεοι
850 578 867 650 ἢ
881 577 1047 652 λεπάδεσσιν,

351 675 377 730 ἐν
392 669 421 729 δέ
434 692 494 750 σφιν
508 665 626 745 θαλάμαι
639 690 668 725 τε
682 664 727 725 καί
740 663 819 727 αύλια
834 667 941 744 δύμεναι
957 670 1042 746 ἰχθῦς,

302 763 408 840 ιιυτηῖσι
422 756 449 815 δέ
464 753 509 815 καί
521 753 615 836 φάγροι
629 752 675 812 καί
689 751 805 821 ἀναιδέος
818 751 987 835 ἀγριύφαγροι

350 839 484 927 κέρκουροί
495 865 525 900 τε
538 840 643 920 μένουσι
657 839 703 900 καλ
714 839 855 923 ύροφάγοι,
867 840 913 900 καί
928 841 1031 921 ἀνιγραλ

352 930 477 1015 μύραιναι
495 927 587 1012 σαῦροί
598 953 627 988 τε
645 928 690 988 καί
704 927 837 1010 ὀψιμόρων
848 929 922 1008 γένος
933 931 1032 1010 ὀρφῶν,

352 1019 378 1078 οἳ
388 1017 493 1077 πάντων
507 1016 637 1099 περίαλλα
649 1015 718 1074 κατδι
731 1014 812 1095 χθόνα
826 1015 962 1088 δηθύνουσι

352 1106 412 1176 ζωοὶ
423 1105 469 1164 καί
479 1104 619 1183 τμηθέντες
631 1103 668 1162 ἔτι
683 1103 823 1186 σπαίρουσι
838 1103 946 1185 σιδήρῳ,

306 1214 344 1255 ιιι
394 1191 484 1253 Ἄλλοι
497 1193 520 1251 δ’
534 1193 561 1250 ἐν
578 1191 710 1270 βένθεσσιν
723 1190 863 1273 ύπόύρυχοι
876 1189 1034 1268 μιμνάζουσι

352 1283 483 1362 φωλειοῗς,
497 1277 629 1361 πρύύοιτόν
640 1302 669 1336 τε
682 1278 727 1338 καὶ
738 1277 836 1350 ἥπατοι
845 1277 892 1350 ἠδὲ
901 1276 1042 1358 πρέποντες

268 1406 278 1456 γ
352 1368 452 1449 ἴφθιμοι
466 1367 576 1446 μεγάλοι
587 1389 616 1425 τε
627 1365 710 1444 φυὴν,
723 1364 815 1447 νωθροί
826 1367 854 1423 δὲ
867 1363 977 1424 κέλευθα

354 1458 489 1514 είλεῦνται·
503 1453 534 1514 τὸ
547 1453 593 1513 καλ
606 1451 693 1512 οὔποθ’
705 1451 750 1524 ἑὴν
764 1451 883 1510 λείπουσι
895 1450 1040 1532 χαράδρην,

353 1541 411 1600 ἀλλ’
426 1563 505 1599 αυτου
516 1537 722 1620 λοχόωσιπαραὶ
731 1539 825 1618 μυχὸν,
837 1537 864 1606 ὅς
878 1563 907 1596 κε
920 1538 1055 1616 πελάσσῃ,

307 1649 345 1689 rau
355 1625 510 1710 χειροτέροις
519 1621 627 1697 ἀίδηλον
642 1625 684 1683 ἐπ’
698 1625 785 1704 ἰχθύσι
798 1625 898 1704 πύτμον
913 1623 1025 1703 ἄγοντες·

354 1719 381 1775 ἐν
395 1714 440 1775 καί
453 1715 511 1782 ὄνος
523 1711 617 1781 κείνοις
631 1711 789 1794 ἐναρίθμιος,
800 1711 827 1780 ὃς
839 1712 899 1794 περί
913 1713 1018 1772 πάντων

354 1801 468 1875 πτήσσει
479 1804 617 1883 ὀπωρινοῖο
627 1799 701 1866 κυνὸς
713 1801 831 1879 δριμεῖαν
845 1798 970 1878 ὁμοκλήν,

356 1888 446 1967 μίμνει
457 1888 479 1947 δ’
494 1887 639 1967 ἐγκαταδύς
650 1885 752 1948 σκότιον
769 1887 861 1968 μυχὸν,
873 1886 932 1946 οὐδὲ
945 1886 1065 1966 πάροιθεν

356 1977 475 2058 ἔρχεται,
489 1974 568 2035 ὅσσον
583 1973 661 2047 άησιν
675 1975 719 2033 ἐπί
730 1975 823 2055 χρόνον
838 1973 925 2056 ἄγριος
939 1972 1033 2054 ἀστήρ.

306 2085 344 2126 lta
393 2063 474 2126 Ἐστι
487 2062 516 2122 δέ
528 2087 567 2130 τις
578 2062 704 2144 πέτρῃσιν
719 2060 898 2121 ἇλικλύστοισι
911 2059 1048 2140 μεμηλὼς,

355 2151 445 2222 ξανθθς
458 2152 529 2226 ἰδεῖν,
542 2157 679 2233 κεστρεῦσι
693 2149 760 2232 φυὴν
775 2150 918 2228 ἐναλίγκιος
931 2147 1020 2229 ἰχθύς,

355 2240 401 2300 τδν
414 2237 536 2322 μερόπων
552 2237 635 2320 ἕτεροι
651 2239 698 2317 μὲν
711 2236 882 2297 ἐπικλείουσιν
898 2237 1001 2309 ἅδωνιν,

357 2325 432 2387 ἄλλοι
444 2327 467 2384 δ’
480 2323 614 2394 ἐξύκοιτον
628 2324 772 2406 ἐφήμισεν,
784 2322 881 2383 ούνεκα
895 2321 983 2389 κοίτας

355 2413 429 2482 ἐκτὸς
439 2413 501 2482 άλθς
512 2413 625 2486 τίθεται,
642 2419 733 2490 μοῦνος
744 2414 767 2471 δ’
782 2411 826 2470 ἐπὶ
842 2411 936 2493 χέρσον
949 2407 1068 2486 ἀμείὸει,

309 2500 468 2580 ιουύσσοιγε
481 2499 599 2582 βράγχη,
608 2499 735 2578 στόματος
744 2499 860 2579 πτύχας,
875 2497 956 2579 ἀμφίς
970 2495 1080 2578 ἔχουσιν.

356 2579 426 2650 Eira
440 2588 492 2670 γδιρ
503 2587 600 2666 εὖνήση
614 2592 735 2668 χαροπῆς
748 2587 809 2653 ἇλδς
821 2584 885 2665 ἔργα
898 2583 1014 2664 γαλήνη,

358 2676 442 2759 αύτδιρ
455 2675 494 2756 ὅγ’
511 2675 676 2754 ἐσσομένοισι
687 2673 857 2758 συνορμηθεὶς
872 2674 994 2756 ῥοθίοισι,

356 2761 464 2845 πέτραις
477 2761 629 2844 άμφιταθείς
642 2759 795 2840 ἁμπαύεται
808 2759 892 2820 εύδιον
904 2759 992 2818 ύπνον·

358 2851 464 2931 ὀρνίθων
478 2851 501 2908 δ’
516 2849 597 2908 ἁλίων
611 2848 715 2931 τρομέει
728 2847 814 2928 γένος,
829 2845 856 2908 οἵ
865 2851 888 2907 οἳ
904 2847 962 2906 ἔασι

312 2959 349 2999 res
359 2935 505 3017 δυσμενέες·
518 2939 571 2996 τῶν
584 2936 678 3009 ἥντιν’
690 2933 824 3016 ἐσαθρήσῃ
839 2933 1004 3009 πελάσαντα,

359 3025 488 3084 πάλλεται
499 3025 645 3105 ὀρχηστῆρι
656 3022 820 3094 πανείκελος,
835 3021 902 3104 όφρα
917 3025 929 3080 ἑ
943 3021 1038 3081 πόντου

359 3110 644 3195 προπροκυλινδόμενον
659 3109 794 3170 σπιλάδων
808 3109 860 3168 ἄπο
871 3116 943 3188 κῦμα
962 3107 1062 3190 σαώσῃ.

399 3205 435 3262 Oi
448 3201 475 3258 δὲ
486 3201 531 3260 καί
542 3201 568 3257 ἐν
580 3199 693 3280 πέτρῃσι
703 3198 749 3256 καί
757 3201 783 3256 ἐν
793 3196 938 3280 ψαμάθοισι
948 3195 1084 3276 νέμονται,

361 3283 460 3370 ἀγλαΐῃ
472 3285 619 3370 χρύσοφρυς
631 3285 766 3364 ἐπώνυμος
780 3285 827 3358 ήδέ
842 3285 990 3367 δράκοντες,

315 3398 352 3438 rto
362 3375 435 3455 σῖμοί
447 3399 477 3435 τε
491 3373 602 3453 γλαῦκοί
612 3399 641 3434 τε
654 3374 701 3434 κοιλ
716 3373 847 3446 ἀλκηοταλ
858 3372 1020 3445 συνόδοντες,

362 3461 484 3546 σκορπίος
497 3461 607 3546 ἀϊκτὴρ,
622 3461 729 3539 δίδυμον
743 3463 829 3540 γένος,
844 3461 989 3544 ἀμφότεραί
1004 3485 1033 3519 τε

362 3553 501 3632 σφύραιναι
514 3550 617 3631 δολιχαί
632 3549 737 3633 ῥαφίδες
750 3549 772 3608 θ’
787 3548 844 3628 ἅμα
858 3553 933 3628 τῇσιν
946 3547 1046 3630 ἀραιαί·

362 3643 389 3699 έν
403 3638 431 3698 δὲ
447 3636 546 3720 χάραξ,
559 3636 652 3721 κοῦφοί
664 3661 693 3696 τε
709 3636 898 3718 κυύιστητῆρες
911 3636 970 3694 ἔασι

362 3723 467 3798 κωύιοί,
482 3727 509 3784 έν
521 3722 548 3783 δέ
558 3727 631 3802 μυῶν
645 3723 762 3804 χαλεπὸν
775 3723 861 3800 γένος,
875 3723 899 3782 oi
912 3723 971 3804 περὶ
981 3723 1086 3781 πάντων

316 3835 353 3875 175
363 3810 503 3894 θαρσαλέοι
516 3808 634 3869 νεπάδων
650 3809 695 3869 καί
706 3810 730 3868 τ’
741 3810 864 3889 ἀνδράσιν
878 3809 1071 3892 ἀντιφέρονται,

362 3901 419 3962 ούτι
429 3899 501 3960 τόσοι
514 3922 563 3977 περ
578 3897 669 3967 ἐόντες·
684 3897 729 3958 ἐπὶ
741 3903 834 3980 στερεῇ
849 3895 876 3957 δὲ
893 3897 1009 3977 μάλιστα

364 3991 425 4070 ῥινῷ
439 3988 485 4047 καὶ
501 3991 631 4047 πυκινοῖσι
645 3984 797 4054 πεποιθότες
811 3983 882 4045 ἔνδον
897 3987 998 4059 ὀδοῦσι,

363 4074 450 4155 ἰχθύσι
456 4073 510 4146 καί
524 4072 683 4155 μερόπεσσιν
694 4071 863 4156 ἀρειοτέροισι
878 4072 1017 4153 μάχονται.

402 4165 439 4224 Ol
453 4162 476 4220 δ’
490 4165 516 4221 ἐν
533 4160 718 4241 ἀμετρήτοισιν
733 4161 800 4234 άλην
814 4161 972 4240 πελάγεσσιν
984 4160 1087 4240 ἔχουσι,

317 4271 353 4311 roo
361 4252 441 4322 τηλοῦ
456 4248 510 4309 ἀπὸ
521 4253 664 4330 τραφερῆς,
678 4248 732 4308 οὐδ’
743 4247 818 4328 ᾐόσιν
833 4248 898 4308 εἰσίν
913 4249 1024 4329 ἑταῖροι,

364 4337 448 4398 θύννοι
462 4335 510 4415 μίν
523 4337 655 4410 θύνοντες,
670 4338 698 4396 ἐν
711 4335 814 4418 ἰχθύσιν
829 4335 914 4417 ἔξοχοι
928 4336 1022 4418 ὁρμὴν,

363 4425 560 4507 κραιπνότατοι,
575 4423 656 4505 ξιφίαι
669 4447 699 4484 τε
712 4422 860 4508 φερώνυμοι
874 4425 916 4497 ἠδ’
929 4426 1073 4506 ὑπέροπλος

364 4512 480 4596 ὀρκύνων
493 4510 569 4592 γενέὴ
582 4509 628 4570 καί
640 4511 777 4593 πρημάδες
789 4511 837 4586 ἠδὲ
848 4511 964 4585 κυύεῒαι,

364 4599 410 4658 καὶ
423 4598 510 4658 κολίαι
524 4598 653 4659 σκυτάλαι
664 4621 694 4656 τε
707 4598 754 4659 καί
767 4599 906 4682 ἱππούροιο
917 4600 1033 4679 γένεθλα.

318 4709 354 4746 rsa
365 4687 412 4747 Ἐν
426 4691 480 4755 τοῖς
490 4685 537 4746 καί
550 4685 693 4767 κάλλιχθυς
705 4685 854 4766 ἐπώνυμος,
866 4689 934 4770 ίερδς
945 4687 1030 4768 ἰχθύς·

364 4779 391 4835 ἐν
405 4775 499 4845 κείνοις
511 4773 619 4854 νέμεται
630 4777 677 4836 καί
687 4775 833 4854 πομπιλος,
849 4776 877 4836 δν
891 4777 952 4860 πέρι
963 4783 1056 4835 ναῦται

365 4861 483 4938 ἅζονται,
497 4870 592 4943 πομπῇ
606 4865 629 4924 δ’
641 4865 808 4948 ἐπεφήμισαν
821 4865 921 4944 ούνομα
934 4870 1016 4940 νηῶν·

365 4951 443 5033 έξοχα
459 4951 511 5035 γάρ
524 4953 616 5026 νήεσσι
629 4952 768 5032 γεγηθότες
780 4951 846 5035 ύγρθ
861 4953 979 5020 θεούσαις

365 5037 490 5098 tannen
503 5045 628 5118 πομπῆες
641 5039 795 5118 ὁμόστολοι,
813 5039 921 5099 άλλοθεν
933 5040 1026 5112 σίλλος,

320 5142 357 5188 teu
367 5127 645 5209 ἀμφιπερισκαίροντες
656 5127 761 5208 ἐύζυγον
775 5128 848 5210 άρμα
860 5128 1006 5202 θαλάσσης,

367 5214 506 5295 τοίχουςτρ
520 5214 695 5297 ἀμφοτέρους,
709 5215 770 5296 περί
781 5240 811 5275 τε
825 5221 960 5297 πρυμναῖα
973 5216 1071 5296 χαλινὰ

370 5303 482 5375 οἰήκων·
495 5301 571 5362 ἄλλοι
584 5301 612 5362 δὲ
625 5303 686 5384 περὶ
701 5304 809 5388 πρῴρην
822 5303 972 5384 ἀγέρονται·

1148 589 1209 643 Quae
1220 599 1278 634 vero
1287 587 1368 647 peno
1379 582 1464 632 ostreis
1476 582 1552 644 plena
1561 583 1677 632 sunteut
1686 583 1792 648 puellis,
1841 593 1845 604 ’

1114 673 1137 721 ιιι
1150 674 1196 722 illis
1206 676 1269 722 sunt
1280 673 1368 722 cubilia
1378 673 1403 721 et
1414 671 1521 732 stabula,
1532 669 1674 720 ut-subeant
1684 671 1777 735 pieres,

1113 760 1189 810 ln-bis
1200 763 1280 810 autam
1291 761 1316 810 et
1326 759 1409 822 pbagrl
1419 763 1443 808 et
1454 759 1571 809 immanes
1581 757 1731 822 agriophagri

1114 849 1253 912 cercuriqua
1265 853 1359 896 manent
1371 849 1396 895 et
1406 846 1535 908 opsopbagi
1545 852 1570 895 et
1580 846 1681 895 lubricae

1115 950 1229 986 murmure
1239 936 1390 998 scombriqne
1397 937 1422 984 et
1430 934 1659 984 tarde-morientium
1666 947 1741 996 genus
1750 934 1896 997 orpborum,

1115 1026 1156 1088 qui
1168 1039 1219 1088 prae
1230 1025 1342 1074 omnibus
1354 1025 1377 1072 iu
1390 1025 1454 1072 terra
1465 1013 1639 1072 diu-morantur

1115 1113 1163 1160 viri
1177 1117 1201 1162 at
1210 1112 1308 1162 dissecti
1319 1112 1380 1161 lerro
1389 1111 1470 1161 adbuc
1479 1111 1605 1174 palpitant

1148 1199 1194 1248 dlii
1206 1213 1263 1248 vero
1275 1199 1299 1248 in
1311 1199 1445 1261 gurgitibus
1456 1198 1575 1261 sub-aqua
1585 1201 1683 1246 manent

1117 1288 1257 1337 m-latibulis
1269 1302 1276 1336 ε
1289 1285 1424 1349 ovisqueet
1432 1282 1613 1351 bepaticiatquc
1624 1287 1751 1348 prepontes

1117 1375 1189 1423 validi
1203 1375 1329 1436 magnique
1338 1379 1422 1423 natura
1430 1424 1437 1433 ,
1445 1372 1507 1422 tardi
1517 1373 1598 1422 autem
1610 1371 1717 1435 per-vias

1118 1464 1263 1512 volvuntur:
1278 1462 1389 1524 quocirca
1400 1460 1474 1510 etiam
1483 1444 1607 1522 nunquam
1621 1473 1690 1508 suam
1700 1459 1837 1521 relinquuut
1845 1471 1897 1520 spe·

1117 1548 1192 1612 cum,]
1203 1549 1245 1599 sed
1255 1549 1289 1598 ibi
1297 1549 1400 1598 latentia
1408 1560 1514 1608 recessu,
1527 1548 1664 1610 quicunque
1674 1545 1899 1610 prope-accesserit.

1117 1637 1273 1687 debilioribus
1284 1635 1438 1699 improvisam
1449 1631 1557 1698 piscibus
1568 1639 1670 1684 mortem
1681 1633 1822 1694 allerentas;

1119 1727 1145 1776 in
1155 1727 1203 1776 illis
1213 1726 1285 1777 stiam
1293 1725 1381 1776 asellus
1392 1723 1569 1782 numerandus,
1582 1723 1625 1786 qui
1636 1736 1685 1786 prae
1696 1722 1808 1772 omuibus

1118 1815 1264 1878 pertimescit
1274 1812 1419 1864 autumnalis
1430 1811 1545 1861 caniculae
1556 1823 1622 1860 acres
1633 1811 1724 1872 minas,

1119 1904 1248 1964 manetque
1258 1901 1356 1952 subiens
1366 1899 1544 1950 tenebricosum
1555 1899 1682 1960 angulum,
1693 1910 1772 1960 neque
1783 1909 1840 1960 pro·

1120 1989 1167 2052 dit,
1174 1992 1289 2054 quantum
1297 1988 1438 2053 partemque
1448 1986 1524 2048 spirat
1535 1999 1600 2034 saera
1611 1985 1688 2034 stella.

1152 2077 1196 2124 Est
1206 2078 1286 2121 autem
1297 2073 1396 2136 quidam
1407 2072 1513 2135 scopulis
1524 2071 1738 2122 maricircumbuis
1749 2071 1865 2130 studens,

1122 2160 1270 2210 rubicundus
1281 2163 1393 2222 aspectu,
1405 2159 1536 2221 mugilibus
1547 2163 1632 2208 natura
1643 2159 1728 2208 smilis
1739 2159 1826 2221 piscis,

1123 2262 1194 2312 quem
1207 2247 1332 2296 bominum
1343 2247 1384 2296 alii
1394 2246 1492 2308 quidem
1503 2249 1591 2296 vocant
1601 2246 1702 2309 adonin,

1123 2335 1164 2386 alii
1177 2349 1234 2384 vero
1245 2337 1382 2384 exocoetum
1393 2334 1530 2396 nominant,
1542 2333 1742 2398 propterea-quod
1753 2333 1843 2382 cubilia

1123 2424 1192 2474 extra
1202 2435 1270 2472 mare
1280 2422 1361 2486 ponit,
1374 2423 1489 2485 solusque
1499 2423 1524 2470 in
1536 2427 1625 2472 terram
1637 2421 1719 2485 prodit

1123 2523 1157 2562 ec
1168 2511 1287 2560 omnibus
1299 2510 1340 2574 qul
1352 2509 1492 2572 branchias,
1504 2510 1555 2560 oris
1566 2510 1654 2573 plicas,
1666 2509 1779 2571 utrinque
1790 2507 1887 2556 babent

1123 2598 1225 2658 Quando
1238 2598 1303 2648 enim
1314 2598 1450 2660 composuit
1460 2598 1539 2660 glauci
1547 2598 1620 2654 maris
1631 2611 1703 2660 opera
1714 2596 1888 2659 tranquillitas,

1124 2691 1182 2738 tunc
1192 2687 1233 2736 ille
1243 2686 1434 2736 cumruentibus
1445 2685 1718 2748 una-impetumlaciens
1727 2684 1825 2734 liuentis

1124 2774 1149 2824 ln
1159 2774 1232 2838 petris
1243 2775 1355 2824 extensus
1365 2774 1454 2822 dormit
1465 2774 1573 2836 apricum
1584 2786 1710 2834 somnum

1125 2861 1207 2912 auium
1219 2874 1276 2910 vero
1288 2861 1432 2911 marinarum
1444 2861 1532 2910 metuit
1540 2874 1628 2923 genus,
1642 2873 1697 2923 quae
1708 2858 1757 2922 ipsi
1768 2863 1825 2908 sunt

1125 2949 1240 3010 inimlcae;
1252 2962 1354 3012 quarum
1365 2948 1462 3012 quando
1473 2949 1579 3011 aliquam
1590 2947 1706 3010 conspicit
1717 2946 1872 2996 accedentem
1885 2977 1892 3002 ‚

1125 3036 1225 3099 palpitat
1236 3036 1340 3086 saltatori
1352 3036 1499 3096 simillimus,
1509 3041 1537 3084 ut
1547 3036 1629 3098 ipsum
1641 3035 1715 3084 maris

1126 3123 1532 3188 longias-longiusqueprovolutum
1544 3137 1559 3172 a
1570 3124 1676 3186 seopulis
1687 3123 1777 3172 llucbrs
1789 3126 1880 3171 servet.

1157 3211 1203 3261 alii
1213 3225 1270 3260 vero
1283 3216 1308 3260 et
1320 3213 1345 3260 in
1357 3211 1432 3272 petris
1444 3213 1504 3260 etin
1516 3211 1596 3260 arenis
1607 3214 1747 3274 pascuntur,

1127 3298 1247 3363 splendori
1259 3301 1342 3349 aurata
1352 3299 1501 3361 cognominis
1512 3301 1586 3362 atque
1594 3297 1723 3359 dracones,

1128 3388 1229 3450 simiqua
1241 3386 1363 3449 glaucique
1374 3391 1399 3436 et
1410 3386 1503 3435 robusti
1515 3385 1632 3447 dentices,

1128 3475 1237 3537 scorpius
1248 3473 1410 3536 impetuosus,
1422 3473 1511 3536 duplex
1522 3486 1612 3536 genus,
1624 3476 1649 3522 et
1660 3474 1770 3534 utraque

1128 3562 1262 3625 spbyraenae
1272 3562 1379 3624 oblongae
1394 3561 1553 3624 rapbidesque
1564 3573 1620 3609 cum
1634 3559 1672 3609 bis
1684 3563 1783 3618 tenues;

1128 3651 1244 3713 praeterea
1255 3649 1355 3710 chorax,
1367 3650 1481 3712 leuesque
1492 3649 1619 3697 saltatores
1631 3651 1688 3696 sunt

1129 3737 1206 3800 gobii,
1218 3737 1324 3799 itemque
1335 3734 1440 3785 murium
1452 3735 1548 3784 difficile
1559 3747 1648 3797 genus,
1659 3734 1702 3797 qui
1713 3746 1763 3796 prae
1774 3731 1889 3782 ormribns

1129 3828 1193 3875 sunt
1203 3825 1306 3874 audaces
1315 3823 1422 3887 piscibus
1434 3828 1507 3886 atque
1516 3823 1589 3872 etiam
1601 3822 1659 3872 uiris
1670 3822 1787 3871 resistunt
1791 3857 1800 3884 ,

1129 3913 1239 3976 quamvis
1249 3927 1297 3962 non
1309 3912 1356 3960 sint
1368 3911 1441 3972 tauti;
1454 3911 1530 3960 solida
1541 3913 1623 3961 auteur
1634 3909 1738 3958 maxime

1130 4005 1185 4049 cute
1198 4005 1222 4048 et
1233 4000 1312 4050 densis
1324 3999 1377 4048 lreti
1390 4000 1455 4048 intus
1466 3998 1593 4060 dentibus,

1131 4087 1302 4149 cum-piscibus
1313 4090 1339 4136 et
1350 4087 1487 4136 bominibus
1500 4085 1637 4136 tortioribus
1647 4087 1761 4148 pugnant.

1161 4176 1206 4226 Alii
1219 4178 1311 4224 veroin
1322 4175 1440 4223 immenso
1453 4188 1544 4223 errores
1555 4173 1639 4236 pelago
1650 4171 1752 4232 babent,

1132 4263 1211 4326 procul
1224 4277 1238 4312 a
1249 4265 1325 4323 terra,
1338 4275 1381 4311 nec
1392 4261 1512 4310 littoribus
1522 4265 1579 4310 sunt
1592 4260 1664 4323 sosii,

1132 4350 1217 4398 tlmnni
1227 4350 1324 4413 quidem
1335 4353 1472 4410 currentes,
1484 4349 1546 4398 inter
1558 4348 1635 4412 pisces
1650 4347 1794 4397 excellentes
1809 4345 1917 4407 impetu,

1132 4437 1287 4496 velocissimi,
1299 4437 1418 4499 gladiique
1430 4438 1583 4498 cognomines
1594 4442 1667 4500 atque
1678 4433 1873 4484 robustissimum

1132 4539 1277 4587 orcyuorum
1287 4537 1362 4584 genus
1373 4526 1398 4573 et
1409 4523 1525 4586 prenades
1537 4525 1610 4586 atquc
1621 4523 1721 4586 cubeae,

1132 4617 1156 4661 et
1166 4613 1246 4660 scoliae
1258 4611 1402 4674 scytalaeque
1414 4613 1439 4660 et
1451 4611 1546 4673 bippuri
1558 4623 1654 4673 genera.

1133 4704 1159 4749 ln
1171 4700 1209 4748 bis
1221 4700 1293 4748 etiam
1306 4698 1488 4761 pulcher-piscis
1499 4698 1662 4760 cognominis,
1674 4710 1741 4746 sacer
1751 4695 1838 4760 piscis;

1131 4788 1194 4836 inter
1205 4787 1250 4835 bos
1262 4785 1328 4848 degit
1338 4799 1434 4848 quoque
1446 4786 1580 4848 pompilus,
1593 4799 1667 4848 quem
1678 4783 1749 4834 ualde
1760 4785 1840 4832 nautae

1132 4879 1284 4935 venerantur,
1292 4879 1316 4922 et
1324 4874 1461 4922 acomitatu
1471 4873 1568 4922 narium
1578 4875 1628 4936 ipsi
1636 4873 1804 4933 imposuerunt
1813 4881 1919 4930 uomen;

1132 4963 1218 5011 eximie
1230 4975 1332 5024 namque
1343 4962 1444 5011 navibus
1460 4961 1571 5011 delectati
1582 4959 1684 5009 humida
1695 4955 1907 5022 percurrentibus,

1132 5053 1253 5099 sectantur
1264 5049 1406 5099 deductores
1417 5049 1531 5109 comites,
1542 5048 1639 5098 aliunde
1648 5047 1709 5097 alius
1715 5082 1723 5108 ,

1133 5137 1328 5186 circumsilicntcs
1340 5138 1519 5198 bene-junctum
1532 5151 1630 5186 currum
1640 5135 1728 5198 maris,

1132 5227 1254 5286 lateraque
1269 5227 1383 5288 utraque,
1396 5225 1507 5287 circaque
1518 5221 1799 5286 eos-quiinpuppisuut
1811 5223 1891 5272 benus

1133 5313 1364 5376 gubernaculorum
1376 5311 1416 5363 alii
1428 5317 1509 5364 autem
1520 5313 1583 5362 ciros
1592 5323 1689 5376 proram
1699 5313 1887 5372 congregantem
