4028 6042
332 393 366 445 16
764 376 860 438 oilli
877 372 1010 437 ΣΤΙΧΟΙ
1031 370 1123 433 ΠΕΡΙ
1144 370 1250 434 ΖΩΩΝ
1269 367 1490 431 ΙΔΙΟΤΗΤΟΣ.

394 510 440 570 καί
453 514 485 592 τῇ
500 511 595 590 φυσικῇ
607 511 654 580 τῆς
666 507 751 590 ψυχῆς
765 505 900 588 εύτολμίφ.

395 597 450 660 Καί
465 595 621 679 φιλόμουσός
637 598 715 669 ἔστιν,
727 598 761 663 ὡς
776 594 844 674 όρνις
854 595 936 674 τάχα·

342 707 381 747 του
393 683 570 766 σκιρτῆσασαν
582 681 633 764 γάρ
646 685 681 750 είς
693 681 776 764 φυγὴν
787 681 833 753 τῆν
846 681 949 762 ἐργάτιν

394 774 464 832 ποιεῖ
476 770 600 853 συριγμός
614 769 730 849 ἐμμελὴς
741 769 919 849 ὑποστρέφειν.

331 857 374 941 (ιο)
395 859 499 941 Θρύψις
510 856 557 934 μὲν
569 848 622 931 οῦν,
633 859 678 917 καί
690 857 774 939 μύρα,
786 857 831 916 καί
842 859 939 938 χλιδῶν
956 855 1021 936 βίος,

396 945 466 1006 οὐδὲν
477 945 541 1028 παρ’
553 945 636 1024 αὐτῇ,
651 950 777 1029 σωφρονεῖ
789 945 839 1027 γάρ
853 948 883 1003 ἐκ
893 944 987 1005 πόνων.

397 1034 521 1096 Ἐνόντιον
535 1032 562 1092 δὲ
573 1032 618 1094 καί
632 1033 803 1115 λιθόστρωτον
819 1033 910 1113 στέφος

342 1145 381 1184 om
395 1125 421 1182 ίν
432 1125 568 1204 ἱματισμῷ
579 1125 711 1202 νυμφικῆς
718 1120 871 1198 εὐκοσμίας,

394 1214 496 1292 πτερῶν
509 1219 569 1292 νικᾷ
578 1209 663 1292 χρὼς,
682 1209 867 1269 ελκονίσσαλον
886 1206 968 1291 φέροι.

330 1296 373 1379 (ου)
395 1297 487 1366 Ούτως
497 1299 527 1358 τὸ
540 1302 611 1379 βιοῦν
626 1300 734 1365 εὐτελῶς
744 1300 770 1356 ἐν
783 1298 835 1365 τοῖς
848 1295 934 1364 πόνοις

395 1386 500 1447 καὶτῶν
514 1390 643 1467 γυναικῶν
657 1385 778 1461 εύγενίζει
791 1385 834 1445 τὸν
845 1384 949 1467 τρόπον·

398 1474 467 1544 δςτὸ
478 1475 541 1557 πρδς
554 1473 687 1556 ἇύρότητα
698 1473 743 1532 καί
756 1471 847 1555 θρύψιν
862 1473 967 1554 βλέπειν

342 1582 381 1623 σου
395 1562 481 1631 άλλως
494 1560 644 1644 φιλεργοὺς,
661 1560 835 1642 Αύσονάρχα,
851 1561 970 1624 δεικνύει.

396 1653 469 1711 Κινεῐ
482 1649 533 1732 γάρ
545 1649 624 1718 αύτδις
634 1649 665 1708 τδ
675 1648 768 1729 πτερόν
782 1652 834 1707 τῶν
846 1649 972 1726 ὀμμάτων

332 1735 375 1819 (τι)
398 1728 433 1806 είς
444 1736 491 1810 τὴν
504 1736 621 1819 πονηρὰν
633 1736 741 1816 tato-siv
753 1740 804 1796 τῶν
819 1735 941 1819 άρβἐνων.

397 1825 539 1907 Ἐρωτικόν
549 1825 577 1884 δέ
588 1849 645 1885 τινα
661 1825 788 1904 βσμῦοῦσι
800 1824 890 1906 κρότον

396 1916 426 1972 ἐκ
439 1918 490 1973 τῶν
505 1915 637 1994 μελιχρῶν
650 1917 696 1984 τῆς
711 1917 773 1992 βοῆς
787 1910 974 1990 πετασμάτων,

343 2022 382 2062 σου
396 2001 438 2060 ὅτε
447 1999 644 2083 προσιζάνουσιν
658 2001 745 2068 αὐτοῖς
762 1999 897 2074 ῶςπόαις,

395 2087 420 2148 οἳ
432 2089 477 2148 καί
489 2088 519 2147 τό
530 2087 622 2169 πικρὸν
635 2092 681 2159 τῆς
692 2087 822 2169 ἁμαρτίας
838 2090 898 2167 μέλι

332 2173 375 2256 (oo)
396 2179 523 2257 τρυγῶσιν
538 2176 653 2255 αἰσχρῶς
667 2175 823 2254 ἐλλοχῶντες
836 2174 896 2243 τοῦς
908 2175 1015 2255 γάμους.

396 2261 546 2336 Πλήττουσι
561 2264 582 2320 δ’
599 2253 643 2321 οῦν
657 2260 691 2320 τά
701 2261 795 2344 κίντρα
810 2268 855 2322 τοῦ
869 2262 1012 2330 συνειδότος

395 2355 513 2434 κηφῆνας
523 2349 615 2418 αὐτούς
628 2355 661 2432 τῇ
675 2353 761 2432 κλοπῇ
774 2350 958 2431 δεδειγμένους.

390 2603 491 2686 [neni
512 2604 590 2666 rou
611 2605 809 2665 merismu
831 2603 1050 2684 sturme]

345 2774 385 2815 oro
398 2754 488 2834 Πρᾷος
498 2749 526 2810 δέ
538 2775 577 2819 τις
589 2749 722 2831 άκεντρος,
733 2749 853 2821 εὔζωνος,
868 2748 962 2829 μέγας,

400 2838 590 2922 ίρυθροόαφὴς,
601 2839 740 2922 εύστεφὴς,
755 2840 800 2898 καί
811 2840 953 2919 γεννάδας,

333 2928 376 3012 (os)
400 2933 504 3008 θεσμοῖς
516 2936 632 3010 φυσικοῖς
645 2928 688 2988 τὸν
703 2928 813 3008 στρατὸν
828 2926 948 3007 διεξάγει.

398 3016 457 3080 ilio
470 3020 622 3096 ἀγανακτῶν
636 3016 701 3098 πρδς
714 3015 758 3075 τὸν
770 3015 848 3096 όχλον
861 3015 974 3098 ἐκφύγῃ,

402 3106 535 3187 βινηλατεῖ
548 3104 578 3164 τὸ
590 3109 688 3182 σμῆνος
699 3107 776 3163 αὐτοῦ
790 3104 833 3163 τὸν
848 3103 958 3186 δρόμον·

347 3215 386 3255 οισ
401 3192 447 3252 καλ
457 3193 536 3252 πάλιν
548 3196 635 3260 αὐτοῖς
643 3192 761 3274 εὑρεθείς,
777 3191 946 3274 ὑποστρέφει,

364 3301 368 3308 ·
397 3279 442 3339 καί
455 3279 503 3353 τὴν
516 3279 566 3360 πρδ
582 3287 675 3363 μικροῦ
691 3279 837 3362 βλαπτικῆν
855 3279 984 3360 ἀναρχίαν

333 3367 378 3452 (70)
397 3367 590 3451 λύειπαρευθύς
599 3366 772 3451 ἐξορίζωντλν
784 3368 885 3428 στάσιν.

397 3459 433 3518 Αἱ
444 3456 585 3522 πλάστιδες
605 3464 685 3535 γοῦν,
704 3456 788 3516 καὶτὸ
801 3457 925 3536 σειρήνων
935 3456 1007 3537 γε’νος

397 3544 427 3605 oi
439 3545 469 3604 τὸ
485 3543 567 3625 γλυκύ
581 3543 695 3613 κτίζουσι
715 3549 768 3612 τοῖς
779 3544 980 3624 σίμῦλοιςμίλι,

344 3655 384 3696 sao
396 3632 444 3706 τῆν
458 3630 596 3714 βασιλικὴν
610 3631 773 3714 ἐξυφαίνουσι
782 3632 888 3711 στέγην,

397 3720 441 3782 ίπλ
456 3730 566 3788 σκοπιᾶς
576 3723 734 3801 ὀργανοῦσαι
746 3719 793 3789 τὰς
809 3721 906 3800 βάσεις.

333 3811 377 3895 (τι)
399 3809 554 3892 Περιύόλοις
563 3809 591 3869 δί
600 3833 653 3869 τισι
661 3808 707 3868 καί
720 3809 869 3890 προανλίοις

390 3903 539 3976 κοσμοῦσιν
553 3897 635 3970 αὐτὴν
648 3899 774 3980 ἂσφαλῶς
783 3896 960 3979 ἡδρασμίνην·

396 3989 424 4046 ἰν
437 3977 475 4054 οἷς
487 3981 583 4053 tuerit
599 3985 717 4046 ἐκδιώκει
727 3985 786 4054 τούς
796 3986 888 4054 πόνους

346 4095 387 4138 στι
400 4081 417 4149 ἡ
431 4075 594 4158 πρεσβυτικῇ
607 4082 682 4134 πᾶσα
695 4079 742 4135 τοῦ
756 4073 873 4153 σμήνους
881 4073 993 4156 φάλαγξ.

400 4164 455 4226 Καὶ
466 4163 546 4224 πάλιν
561 4162 641 4236 «trip
660 4161 724 4223 άλλο
737 4161 830 4224 κυκλοῖ
837 4165 960 4246 θριγγίον,

334 4251 378 4337 (oo)
399 4251 471 4320 δτδς
482 4255 509 4312 ἐν
521 4254 593 4332 ἀκμῇ
607 4251 652 4311 καὶ
660 4251 711 4334 πρὸ
724 4257 772 4324 τῆς
784 4251 853 4325 ῆύης
865 4252 934 4334 ἔχει,

398 4339 523 4424 φρουρούς
534 4343 649 4422 ἀτεχνῶς
662 4345 713 4400 τῶν
723 4345 812 4422 γραῶν
824 4342 980 4426 δορυφόρων.

400 4430 493 4492 Κλίνει
503 4428 531 4490 δὲ
544 4431 589 4489 καί
600 4429 630 4488 τὸ
638 4429 743 4512 κέντρον
758 4431 826 4490 αἰδοῖ
838 4436 884 4492 τοῦ
897 4431 1021 4512 κράτους,

347 4538 388 4579 σου
400 4516 463 4577 ὅταν
472 4517 515 4598 ίδῃ
528 4516 640 4596 μέλισσα
651 4517 695 4578 τὸν
713 4518 833 4599 βασιλέα.

400 4605 452 4673 Ὃς
464 4608 491 4665 ἐν
503 4604 550 4685 μὲν
566 4609 639 4687 ἀκμῇ
653 4611 705 4666 τῶν
720 4609 805 4685 μελῶν
817 4606 863 4668 καί
876 4609 928 4667 τῶν
941 4606 1051 4684 πτίλων,

337 4692 382 4777 (σε)
404 4693 467 4754 ὅταν
478 4699 610 4776 πετασθῇ,
624 4694 760 4778 τδςφυλδς
772 4695 918 4777 ουνεξάγει·

406 4780 452 4840 καί
462 4779 514 4862 γάρ
525 4783 636 4865 ὁμαρτεῖ
643 4789 780 4863 πανταχοῦ
792 4787 831 4865 τῷ
845 4782 958 4866 δεσπότῃ

398 4867 573 4951 παρεμύολὴ,
586 4876 703 4952 τηροῦσα
714 4871 849 4940 τακτικοῦς
862 4870 970 4951 νόμους·

348 4979 388 5020 σοι
402 4957 434 5017 δν
449 4955 476 5016 δὲ
490 4963 613 5040 τρυχιιιθῇ
627 4963 660 5040 τῇ
672 4963 802 5042 παρακμῇ
814 4965 859 5020 τοῦ
866 4959 974 5042 χρόνω,

399 5045 444 5106 καί
460 5047 506 5106 τοῦ
517 5052 613 5127 πτεροῦ
624 5046 754 5128 τριῦέντος
766 5051 831 5130 ὀκνῇ
841 5047 885 5108 τὸν
898 5047 1004 5130 δρόμον,

336 5134 380 5217 iio)
401 5133 433 5194 τδ
444 5139 542 5212 σμῆνος
551 5133 624 5202 εὐθύς
633 5135 721 5218 δίφρον
734 5133 777 5206 iti
792 5132 916 5212 δεικνύει,

399 5223 433 5283 δι’
441 5215 472 5284 οῦ
486 5221 603 5308 φοράδην
617 5225 652 5292 ὡς
662 5222 746 5305 γίρων
758 5224 904 5304 κομίζεται.

1791 365 1893 444 υ-υι

1146 511 1171 560 et
1178 507 1280 559 naturali
1290 507 1363 558 animi
1373 506 1482 557 audacia.

1147 602 1182 647 Ao
1192 596 1290 646 musioae
1301 596 1379 645 amica
1387 597 1438 657 est,
1448 600 1476 644 ut
1484 593 1533 644 iere
1543 593 1609 654 aris;

1147 697 1202 734 nam
1211 697 1266 748 quur
1277 684 1301 733 in
1310 677 1389 747 lugam
1402 697 1428 733 se
1437 681 1565 744 conjecerit
1572 679 1711 745 operarilm

1091 783 1096 792 ’
1148 772 1233 822 listulas
1246 777 1332 822 eonius
1343 785 1444 822 sonorus
1455 771 1541 821 reverti
1553 769 1616 820 lacit

1149 864 1183 909 Ac
1192 860 1302 910 mollities
1310 860 1421 923 quidem,
1431 863 1456 909 et
1466 863 1600 922 unguente,
1611 862 1637 908 et
1651 857 1779 908 luxurians
1788 857 1830 906 rits

1105 953 1108 958 '
1150 950 1216 1000 nihili
1227 953 1290 1000 runi
1299 950 1364 1013 apud
1376 949 1455 1010 iliam,
1464 948 1573 1000 modesta
1582 949 1620 998 est
1630 950 1701 998 enim
1711 962 1742 998 ex
1754 947 1862 997 Ιιίιυιιοω

1149 1043 1259 1090 inaurem
1270 1054 1327 1090 rero
1338 1045 1364 1091 et
1374 1041 1475 1103 gemmis
1482 1044 1629 1091 nonstratem
1639 1054 1757 1092 eoronam

1150 1128 1175 1178 in
1185 1129 1297 1180 nestorio
1307 1127 1392 1180 mundi
1400 1129 1516 1194 nuptialis

1150 1217 1241 1271 siarum
1250 1217 1326 1268 vineit
1334 1218 1408 1279 color,
1420 1217 1518 1282 quaudo
1530 1217 1656 1282 pulverem
1668 1217 1759 1268 lerunt.

1151 1309 1187 1355 lta
1198 1305 1337 1370 simpliciter
1345 1306 1428 1356 virere
1437 1306 1463 1356 in
1469 1307 1607 1369 laboribus,

1151 1394 1279 1444 mulierum
1288 1396 1360 1444 etiem
1369 1394 1473 1445 illustrat
1480 1407 1576 1446 mores:

1151 1496 1211 1546 ques
1222 1483 1325 1533 luxuriae
1334 1497 1363 1533 ec
1371 1483 1502 1547 uoluptatis
1511 1497 1569 1532 ours

1151 1570 1214 1620 maie
1224 1575 1332 1622 numnius
1342 1570 1454 1621 laborum
1464 1570 1556 1634 reddit,
1566 1571 1682 1621 Ausoniae
1694 1584 1747 1621 rex.

1151 1661 1233 1710 iloret
1243 1660 1308 1710 enim
1317 1661 1381 1724 ipsas
1390 1660 1427 1710 eir
1437 1659 1563 1710 oouiorum

1151 1748 1182 1796 ad
1190 1761 1289 1826 prorum
1298 1748 1406 1798 virorum
1415 1748 1548 1811 optionem.

1151 1837 1230 1900 lique
1240 1836 1384 1888 amatorium
1393 1835 1514 1900 quendam
1525 1835 1642 1885 bombum
1652 1833 1747 1884 radunt

1152 1924 1240 1974 eroois
1251 1924 1348 1975 mellitis
1359 1924 1534 1986 effusionibus,

1152 2011 1206 2074 ubi,
1219 2015 1333 2077 mnquem
1342 2014 1444 2077 plantis,
1454 2013 1502 2063 iilis
1510 2011 1626 2074 assident,

1152 2101 1193 2164 qui
1205 2115 1314 2152 amarum
1325 2101 1398 2153 etiam
1409 2102 1488 2165 culpus
1497 2102 1545 2151 mel

1152 2190 1232 2251 legunt
1240 2191 1341 2253 turpiter
1352 2189 1492 2240 insidiantes
1503 2188 1603 2252 nuptiis.

1152 2277 1262 2326 attamen
1271 2275 1363 2326 stimuli
1372 2277 1523 2326 eonscientiae
1535 2280 1644 2338 pungunt

1152 2375 1207 2425 eos,
1217 2377 1278 2426 quos
1287 2364 1379 2414 lurtum
1387 2363 1492 2414 oonrieit
1501 2377 1554 2414 esse
1564 2364 1638 2414 iooos.

1371 2597 1434 2676 [nn
1454 2597 1565 2658 nrum
1585 2596 1718 2674 suun]

1154 2765 1219 2815 Mitis
1227 2777 1285 2815 vero
1296 2763 1408 2828 quidam,
1418 2766 1469 2814 sine
1476 2765 1573 2826 eculeo,
1583 2763 1645 2814 bene
1655 2765 1751 2815 cincius
1758 2797 1765 2822 ‚
1772 2769 1864 2820 magnit.

1154 2852 1226 2902 rubro
1235 2853 1314 2902 miore
1322 2853 1425 2914 linctus,
1437 2854 1498 2904 bene
1509 2855 1651 2913 coronatus,
1663 2857 1691 2903 et
1702 2861 1833 2916 generosus,

1153 2941 1246 3004 iegibus
1260 2941 1410 2991 naturalibus
1420 2942 1554 2992 exereitum
1566 2941 1749 3004 semper'dueit.

1153 3032 1185 3078 Et
1194 3029 1313 3092 siquando
1323 3030 1399 3079 iratus
1411 3029 1435 3078 in
1448 3029 1630 3080 multitudinem
1640 3030 1749 3094 ιιιίιιφίι,

1153 3131 1254 3168 examen
1265 3131 1364 3168 cursum
1376 3118 1429 3178 ejus
1440 3117 1515 3168 odore
1524 3118 1633 3182 indagat3

1153 3219 1181 3254 ao
1192 3199 1287 3255 rursum
1297 3207 1407 3269 repertus
1415 3205 1527 3269 oblmis,
1537 3206 1675 3267 revertitur,

1153 3293 1293 3358 imperiique
1302 3292 1448 3355 absentiam,
1460 3306 1517 3357 ηοω
1531 3294 1602 3344 modo
1614 3299 1678 3355 ersi,
1688 3295 1820 3344 damnosam

1153 3382 1279 3432 ooniestim
1288 3382 1415 3444 terminat,
1425 3382 1552 3432 eliminans
1564 3382 1717 3434 seditionem.

1153 3471 1208 3520 Jam
1220 3470 1382 3522 lebrioetrioes
1390 3475 1415 3522 et
1424 3472 1530 3521 sirenum
1539 3485 1628 3534 genus,

1153 3573 1209 3622 qum
1219 3559 1290 3610 duioe
1303 3559 1351 3612 mel
1361 3559 1387 3610 in
1398 3560 1509 3610 alveariis
1518 3561 1639 3623 condunt,

1153 3647 1244 3710 regium
1254 3646 1404 3698 domicilium
1414 3651 1559 3712 perierunt,

1153 3735 1178 3785 in
1192 3735 1588 3800 specuisiundamentaiingenies.

1153 3822 1275 3874 iloenibus
1288 3837 1346 3874 vero
1356 3824 1502 3888 quibusdam
1511 3837 1540 3875 ae
1548 3823 1675 3876 restibulis

1153 3909 1271 3964 adornent
1285 3912 1366 3978 ipsum
1379 3912 1480 3964 firmiter
1488 3913 1634 3966 fundatum:

1153 4002 1179 4052 iu
1186 4001 1275 4066 quilius
1287 4015 1345 4052 suos
1353 4000 1448 4052 labores
1460 4001 1613 4066 persequitur

1154 4090 1266 4153 grandior
1276 4094 1327 4141 tota
1338 4089 1456 4142 oraminis
1465 4091 1579 4155 piisima.

1154 4175 1188 4220 lo
1197 4183 1279 4221 rursus
1287 4170 1347 4221 iilud
1358 4170 1421 4222 eiius
1431 4170 1564 4221 circumdat
1573 4181 1673 4233 murus,

1154 4259 1197 4323 qui
1205 4272 1247 4309 eas
1257 4259 1434 4322 continetque
1445 4257 1676 4322 injuventutisliore
1687 4261 1712 4308 et
1720 4259 1773 4307 anie
1779 4245 1892 4316 puppem

1154 4348 1441 4412 custodespianesenum
1451 4348 1591 4399 satellitum.
1841 4329 1894 4396 [sui.

1155 4437 1256 4487 inclinet
1264 4450 1321 4487 roro
1330 4437 1403 4487 etism
1414 4437 1525 4488 aculeum
1538 4436 1663 4501 potestatis
1671 4431 1805 4492 reverentis,

1154 4525 1251 4590 quando
1261 4525 1313 4588 spis
1324 4538 1404 4591 regem
1415 4525 1490 4576 videi.

1155 4613 1202 4672 Qui
1216 4612 1328 4677 quidem,
1340 4613 1456 4676 lanigero
1467 4613 1632 4664 membrorum
1642 4614 1717 4676 atque
1727 4611 1811 4662 alarum

1159 4701 1257 4766 quondo
1269 4701 1364 4765 evolat,
1374 4701 1451 4751 tubus
1459 4715 1541 4752 seeum
1551 4700 1645 4762 edusit3

1154 4789 1243 4841 etenim
1254 4789 1344 4854 ubique
1355 4803 1435 4852 rogem
1444 4791 1574 4840 comitetur

1154 4877 1288 4940 exuritur,
1297 4877 1429 4928 observans
1440 4877 1556 4927 militares
1565 4876 1643 4939 iegos3

1154 4964 1191 5015 sin
1206 4969 1287 5016 numm
1299 4965 1347 5015 mvi
1358 4965 1497 5016 infirmitate
1508 4968 1650 5015 extenuatur

1154 5057 1180 5104 et
1192 5053 1257 5103 tritis
1263 5053 1308 5103 riis
1317 5053 1483 5104 returdstnrio
1492 5066 1579 5113 eursu,

1156 5153 1258 5192 examen
1267 5140 1352 5191 sellam
1362 5141 1449 5205 agilem
1456 5141 1541 5192 statim
1550 5139 1623 5202 ierit,

1155 5243 1203 5294 qur
1211 5230 1323 5294 portatu,
1334 5231 1418 5292 utpote
1428 5243 1515 5292 senex,
1526 5228 1631 5280 vehitur.
