3992 6078
737 385 862 442 PHlLAE
890 385 938 442 DE
960 383 1131 445 PLANTlS.

371 546 463 605 ΠΕΡΙ
485 545 685 604 ΒΟΤΡΥΟΣ.·

144 705 185 744 trae
195 687 272 745 Μετὰ
288 687 402 764 στάχυν,
419 684 563 765 Κράτιστε,
575 685 620 743 καὶ
633 684 726 762 βότρυν
740 684 828 761 δέχου.

193 777 249 833 Τοῦ
263 773 314 852 γάρ
328 775 416 852 θέρους
429 773 548 840 λυθέντος
562 765 639 846 ἦλθεν
655 778 671 843 ἡ
687 772 783 853 τρόγη·

193 858 268 937 κάγὼ
282 859 401 927 δεδοικὼς
417 858 453 937 μὴ
470 863 518 942 βοῇ
532 861 724 939 παρακμάσας,

194 947 319 1028 πέπειρον
330 947 407 1006 αὐτόν
419 952 449 1008 ἐκ
462 953 543 1025 τομῆς
554 948 653 1026 ἤνεγκά
667 973 718 1010 σοι.

195 1039 258 1096 Τῶν
270 1035 409 1114 καρπίμων
422 1034 448 1094 ἓν
461 1037 517 1094 ἔστί
529 1038 558 1096 τὸ
572 1040 662 1115 κλῆμα
676 1035 770 1104 ξύλων·

143 1122 209 1183 roob
224 1121 304 1203 μέχρι
315 1124 382 1190 τινθς
396 1125 513 1202 ἠγνοεῖτο
524 1125 666 1198 λανθάνον,

195 1211 240 1293 ἀφ’
256 1203 335 1292 οῦπερ
348 1214 377 1271 ἐκ
390 1217 438 1291 γῆς
451 1216 465 1272 θ
479 1210 590 1294 σπορεῦς
603 1217 654 1271 τῶν
669 1210 832 1292 πραγμάτων

195 1301 291 1370 ἀνῆκεν
304 1301 339 1366 εἰς
350 1303 403 1380 φῶς
414 1299 461 1367 τάς
475 1299 552 1376 γονάς
566 1303 619 1358 τῶν
633 1298 801 1379 σπερμάτων.

195 1385 267 1446 Ἀλλ’
281 1385 383 1468 οίχεται
399 1386 447 1465 μέν
461 1390 475 1446 θ
489 1386 595 1467 φθορεῦς
611 1388 731 1458 πάντων,
746 1386 863 1462 κλύδων,

194 1477 231 1543 ὣς
245 1474 298 1535 ἀπδ
311 1477 404 1556 νεύροις
416 1474 519 1548 τοξικῆς
534 1476 693 1556 ἀφυόρίσας·

147 1585 186 1624 ειο
195 1569 241 1624 τοῦ
253 1565 304 1647 γάρ
317 1570 377 1624 θεοῦ
390 1565 420 1624 τὸ
433 1564 520 1638 τόξον,
531 1568 567 1632 ὡς
582 1564 676 1646 Γραφὴ
690 1563 776 1641 λέγει,

197 1657 283 1735 βιπτεῐ
294 1655 353 1712 κατ’
367 1654 445 1712 αὐτοῦ
457 1651 505 1725 τὴν
519 1651 597 1732 βολὴν
609 1658 657 1724 τῆς
670 1652 783 1732 αἰθρίας·

196 1740 351 1822 γνωρίζεται
364 1741 391 1800 δὲ
402 1749 456 1808 τοῖς
466 1745 579 1820 παροῦσι
591 1740 621 1799 τὸ
634 1741 721 1811 ξύλον,

196 1829 240 1896 οθς
249 1829 316 1888 ἀλλο
327 1834 405 1911 κοινῇ
416 1827 591 1908 συντετήρηκε
603 1826 694 1904 ξύλον,

195 1920 230 1984 ὣς
242 1917 274 1976 ἀν
286 1916 342 1997 ἔχοι
353 1917 397 1978 τθν
407 1917 485 1978 όλῦον
497 1923 515 1990 ἡ
529 1916 606 1988 καινὴ
618 1916 710 1981 κτίσις.

147 2027 185 2066 lta
195 2005 231 2066 ‘0
243 2005 368 2085 πρύτανις
379 2003 408 2064 δὲ
420 2010 467 2077 τῆς
477 2009 555 2083 γονῆς
565 2008 617 2063 τῶν
626 2003 752 2086 ἐμψύχων

193 2093 241 2153 καὶ
257 2093 294 2171 μὴ
308 2090 435 2172 προειδὼς
447 2090 494 2160 τάς
508 2091 593 2159 laide
606 2097 653 2163 τῆς
667 2093 786 2169 ἀμπέλου

194 2180 332 2260 περιξέσας
342 2184 455 2251 καθῆκεν
467 2183 502 2247 εἰς
512 2184 561 2259 γῆν
574 2179 604 2238 τδ
617 2179 703 2248 ξύλον·

194 2271 242 2327 οῦκ
253 2259 285 2341 ἦν
296 2267 348 2348 γάρ
359 2267 427 2335 εἰκὸς
438 2271 485 2340 τῆς
496 2269 573 2348 δορᾶς
582 2267 765 2348 πεφρυγμένης

196 2359 255 2429 εἰκῆ
269 2357 299 2416 τδ
313 2355 391 2437 φυτὸν
405 2357 523 2437 ἐκροφεῖν
536 2360 583 2423 τὰς
603 2356 725 2434 ἰκμάδας.

147 2465 188 2506 12⁰
197 2444 239 2506 Τθ
250 2444 278 2504 δὲ
291 2443 415 2504 στενωθάν
427 2441 463 2510 εἰς
474 2443 559 2526 ταφὴν
572 2443 761 2520 τεθλιμμένην,

195 2537 231 2600 ὣς
245 2533 278 2592 ἀν
293 2532 323 2592 ab
336 2533 430 2614 θερμὸν
445 2530 492 2599 τάς
502 2533 605 2601 νοτίδας
620 2532 742 2613 ἁρπάσῃ,

194 2621 241 2681 καὶ
253 2621 315 2702 δίχα
329 2620 435 2700 μόχλων
448 2620 573 2698 ἐξανοίγει
587 2620 645 2688 τοῦς
659 2621 765 2701 πόρους·

194 2718 289 2790 χαυνοῖ
303 2707 354 2790 γάρ
368 2708 489 2780 αθτοῦςὴ
503 2708 581 2789 πριῦὴ
594 2714 641 2781 τῆς
656 2709 772 2787 ἀτμίδος,

195 2797 242 2856 καλ
254 2801 300 2869 τῆς
312 2800 339 2856 ἰν
352 2800 424 2878 αὐτῷ
436 2797 594 2876 σπογγίαςή
608 2799 735 2879 θερμότης

144 2909 184 2948 ετε
197 2887 345 2963 ἐλικοειδεῖς
355 2888 504 2966 δργανοῦσα
515 2884 563 2951 τάς
576 2885 665 2962 βάσεις

195 2975 288 3052 γόνασι
299 2975 405 3041 πυκνοῖς
415 2973 463 3042 τάς
473 2972 555 3050 τομάς
567 2972 711 3034 διαπλέκει.

197 3060 253 3124 Καί
264 3061 398 3141 πήγνυται
410 3060 457 3139 μὲν
471 3067 487 3133 ἡ
499 3059 614 3132 τοσαύτη
626 3063 768 3140 χαυνότης,

195 3150 337 3231 ὑφίσταται
349 3147 377 3208 δὲ
391 3153 438 3221 τῆς
450 3153 527 3228 γονῆς
540 3153 558 3219 ἡ
571 3149 713 3220 πυκνότης,

195 3239 241 3300 καί
253 3244 285 3321 ξῇ
299 3239 329 3299 τὸ
342 3240 431 3320 νεκρὸν
444 3241 474 3299 ἐκ
487 3244 572 3320 ταφῆς
585 3239 745 3317 παλιμῦίου·

146 3348 185 3390 tto
195 3329 298 3410 βλάστη
311 3327 339 3387 δέ
347 3352 386 3396 τις
395 3330 498 3406 ίνικμος
508 3332 622 3387 ἐντεῦθεν
636 3328 722 3408 βρύει,

196 3424 313 3495 τεμοῦσα
327 3417 372 3476 τὸν
383 3423 447 3497 χοῦν
463 3421 577 3496 μυοτικῇ
594 3415 753 3496 παραξέσει,

196 3505 243 3565 καὶ
256 3504 363 3581 συνάγει
375 3501 409 3563 τδι
421 3506 523 3586 φύλλα,
537 3503 657 3583 καθάπερ
670 3503 764 3571 κάλυξ·

196 3597 268 3654 ὀκνεῖ
278 3593 330 3672 γάρ
342 3594 377 3659 ὡς
389 3592 421 3650 ἀν
437 3595 600 3670 ἐκπλαγεῖσα
615 3592 663 3662 τλν
678 3593 776 3668 κτίσιν,

197 3681 244 3750 ίως
258 3680 376 3762 ίποφθελς
391 3683 406 3739 δ
419 3679 526 3762 τροφεύς
541 3680 683 3763 ίωσφόρος,

148 3793 185 3832 lac
197 3770 243 3830 καὶ
253 3769 301 3840 τὴν
314 3769 516 3849 περιστείλασαν
529 3770 654 3850 ἐκθλίψας
666 3770 774 3848 δρόσον,

197 3857 277 3938 χωρίς
291 3861 417 3937 ἀνασχεῖν
428 3855 475 3923 τὰς
487 3857 572 3924 lette
588 3859 734 3936 ἀναγκάσῃ.

198 3947 337 4026 Μερίζεται
349 3947 400 4026 γάρ
413 3949 448 4012 εἰς
461 3944 494 4004 rt
506 3947 591 4027 φύλλα
603 3945 634 4004 τὸ
646 3947 716 4017 ζέον,

197 4035 260 4111 πρὸς
270 4032 317 4106 τὴν
329 4034 538 4114 ύποαμήχουσαν
548 4039 668 4114 ὁρμῆσαν
680 4035 766 4111 ζέσιν,

198 4123 243 4182 καί
255 4124 368 4199 πιμελῆς
382 4121 413 4193 δή
429 4147 497 4190 τινος
509 4128 588 4203 ύγρᾶι
602 4122 716 4202 ἀόρόπης

150 4233 188 4272 iro
199 4214 224 4270 ἐν
237 4211 340 4291 ὀργάνῳ
351 4210 453 4292 πρόεισι
465 4211 606 4292 νευρώδους
617 4211 729 4290 πάχους.

199 4299 275 4361 Μετὰ
289 4300 317 4358 δέ
332 4299 424 4378 μικρὸν
439 4300 613 4380 προσρυείσης
627 4305 673 4372 τῆς
688 4300 781 4380 δρόσου

197 4388 242 4448 καί
256 4388 421 4467 παραφυλλίς
433 4392 478 4459 τῆς
491 4393 556 4466 φυῆς
569 4389 721 4468 ἀποτρέχει,

200 4475 286 4556 κηφὴν
298 4479 412 4554 ἀτεχνῶς
424 4479 558 4555 εὑρεθεῖσα
569 4477 632 4558 πρὸς
645 4478 716 4554 μέλι·

201 4565 246 4623 καί
256 4563 307 4643 γδρ
318 4567 425 4643 ὑποσπᾷ
435 4562 494 4631 τοῦς
503 4563 581 4631 ὀπούς
591 4566 763 4645 ἀνηγμένους,

150 4675 188 4714 irs
198 4652 242 4710 καί
255 4654 422 4730 δημιουργεῖν
435 4655 481 4712 οὐκ
494 4655 526 4734 ἐᾷ
537 4653 584 4719 τάς
593 4653 726 4733 ἐκφύσεις,

201 4731 240 4806 οἷς
253 4741 291 4797 δεῖ
304 4741 434 4799 συνελθεῖν
448 4744 495 4811 τῆς
507 4745 583 4818 γονῆς
594 4741 640 4808 τὰς
654 4742 796 4822 ἐμφάσεις,

200 4827 260 4907 πρὶν
274 4826 305 4884 ἀν
317 4849 356 4892 τις
368 4826 448 4898 αὐτὴν
463 4831 498 4893 ὡς
512 4827 637 4905 περιττλν
651 4831 786 4910 ἐκσπόσῃ.

200 4919 256 4986 Τῆς
270 4913 386 4996 θρύψεως
399 4915 427 4975 δί
443 4914 626 4996 προστεθείσης
639 4919 677 4996 τῷ
691 4919 796 4998 κλάδῳ,

131 5051 137 5060 ·
202 5010 304 5068 καὶτοῦ
322 5010 417 5090 βάρους
430 5010 558 5089 εἴργοντος
569 5009 626 5080 ἑξῆς
636 5011 679 5069 τὸν
693 5013 802 5094 δρόμον,

153 5119 191 5159 rso
202 5099 382 5176 ἀμφιστόμους
397 5099 544 5177 ἀρπαγάςὴ
562 5099 664 5177 βλάστη
681 5101 766 5180 βρύει·

203 5183 248 5242 καλ
260 5184 400 5263 δράττεται
413 5186 460 5261 μίν
474 5191 520 5258 τῆς
532 5185 617 5259 λαῦῆς
630 5191 682 5247 τῶν
697 5190 814 5266 ἐγγύθεν·

1227 557 1231 566 ·
1265 543 1316 632 ne
1338 543 1428 604 uvl.

957 693 1013 740 Post
1019 692 1108 752 spicam
1118 691 1190 739 etiarn
1201 703 1272 739 uram
1284 689 1376 752 recipe,
1391 689 1488 738 tuvirrte.

956 780 1034 828 Finita
1048 781 1112 829 enim
1122 793 1211 840 messe,
1222 779 1289 828 adest
1303 779 1423 826 vindemia
1439 796 1445 825 ε

956 881 999 930 ego
1009 871 1091 932 putem
1102 867 1166 916 illius
1175 869 1284 916 metuens
1294 867 1395 914 exoletae
1404 867 1597 928 corruptionem,

956 955 1062 1004 statima
1073 954 1133 1004 lalce
1142 955 1211 1003 attriti
1225 954 1267 1002 libi
1277 957 1397 1002 maturam
1408 954 1548 1015 mitemque.

956 1043 1017 1092 Vitis
1026 1043 1088 1092 inter
1098 1043 1209 1104 lrrrgilera
1218 1042 1314 1090 arbusta
1324 1044 1473 1092 numeratur.

957 1133 992 1179 Ea
1001 1130 1123 1193 quondam
1134 1131 1191 1180 satis
1200 1130 1241 1178 diu
1252 1129 1359 1192 ignorata
1369 1131 1487 1191 latuerat,

957 1218 1012 1268 inde
1023 1219 1054 1267 ab
1063 1233 1092 1267 eo
1101 1221 1223 1281 tempore,
1235 1233 1284 1281 qno
1295 1233 1325 1266 es
1339 1222 1402 1268 terra
1415 1221 1480 1267 sator
1490 1219 1599 1267 omnium
1612 1231 1692 1267 rerum

957 1307 1171 1368 generaseminum
1183 1308 1207 1356 in
1220 1308 1299 1356 lucem
1313 1309 1433 1356 emiserat.

957 1395 1003 1444 Sed
1012 1396 1113 1444 simulac
1122 1396 1237 1458 pernicies
1246 1396 1366 1456 urrisersi,
1378 1396 1511 1456 diluvium,
1524 1395 1671 1458 praeterierat

957 1483 1031 1531 veluti
1046 1483 1137 1544 sagittis
1147 1483 1227 1544 pulsa,
1241 1487 1314 1545 atque
1325 1483 1467 1533 desaevierat

958 1570 967 1632 (
975 1584 1029 1618 nam
1042 1571 1085 1620 Dei
1100 1584 1183 1632 arcus,
1196 1574 1224 1619 ut
1235 1572 1268 1620 ait
1279 1573 1412 1633 Scriptura,

957 1659 1093 1708 serenitatis
1104 1659 1197 1708 radium
1208 1661 1232 1708 iu
1244 1660 1303 1708 illud
1317 1660 1474 1722 demiserat),

957 1749 1010 1796 tum
1022 1747 1195 1808 agnoscebatur
1205 1748 1251 1796 boc
1262 1747 1353 1807 lignum
1365 1762 1379 1796 a
1391 1748 1563 1810 praesentibus,

957 1849 1018 1898 quos
1027 1835 1091 1884 aliud
1105 1835 1195 1897 lignum
1206 1842 1217 1897 (
1223 1835 1306 1896 Arca)
1318 1837 1480 1886 communiter
1490 1839 1641 1897 servaverat,

957 1925 986 1973 ut
997 1937 1079 1973 recens
1092 1925 1202 1974 creatura
1213 1924 1258 1972 lrao
1268 1925 1337 1986 copia
1349 1926 1520 1974 lortnnaretur.

958 2016 1038 2074 atque
1048 2014 1133 2061 auctor
1141 2013 1230 2062 sobolis
1239 2014 1413 2074 animantium,

958 2101 1001 2164 qui
1011 2100 1069 2150 ritis
1078 2114 1176 2162 germen
1185 2104 1256 2150 antea
1268 2115 1317 2150 non
1327 2105 1411 2161 norat,

958 2189 1133 2238 circumrasum
1147 2189 1271 2238 interram
1281 2189 1378 2238 demisit
1392 2208 1397 2238 :

957 2290 1005 2326 non
1013 2277 1077 2326 enim
1085 2277 1212 2327 verisimile
1220 2278 1285 2338 erat,
1294 2277 1382 2326 cortice
1395 2278 1538 2337 torrefacto,

957 2366 1024 2416 illam
1038 2366 1145 2427 plantam
1159 2367 1247 2416 trustra
1259 2369 1431 2429 exsorpturam
1444 2367 1567 2416 immores.

959 2457 1017 2504 liaeo
1026 2454 1100 2515 igitur
1112 2457 1137 2502 ln
1148 2457 1255 2515 angustae
1268 2455 1345 2504 loreae
1359 2457 1495 2518 sepulcrum
1510 2455 1639 2518 depressa,

958 2544 986 2591 ut
995 2542 1060 2591 calor
1069 2542 1190 2591 attrahere
1202 2541 1246 2604 ipsi
1256 2556 1340 2592 succos
1354 2545 1446 2604 posset,

959 2629 1032 2679 etiam
1042 2632 1094 2680 sine
1102 2632 1202 2692 pessulis
1214 2631 1291 2693 aperit
1301 2631 1345 2680 sibi
1359 2633 1452 2680 meatus
1465 2646 1471 2679 :

958 2732 999 2768 eos
1008 2720 1072 2767 enim
1084 2719 1177 2780 vaporis
1188 2720 1287 2768 attritus
1300 2720 1390 2781 aperit,

958 2810 982 2856 et
992 2809 1058 2857 calor
1067 2807 1154 2856 virium
1166 2821 1265 2858 suarum
1278 2808 1393 2858 humores
1404 2809 1586 2870 imbibentium,

959 2895 1078 2944 flexuosas
1095 2896 1201 2946 formans
1218 2897 1323 2958 radices,

959 2985 1048 3034 crebris
1060 2986 1178 3046 geniculis
1191 2986 1306 3035 articulos
1320 2987 1407 3048 passim
1420 2986 1507 3048 jungit.

958 3077 1021 3123 Tum
1033 3074 1127 3136 cogitur
1139 3076 1206 3122 tanta
1219 3075 1326 3122 radlcurrr
1340 3075 1439 3134 laxitas,

960 3162 1033 3222 itque
1045 3163 1115 3210 fretus
1128 3162 1232 3222 solitus,

960 3263 988 3296 ac
1000 3254 1096 3298 mortua
1107 3251 1162 3298 ritis
1173 3250 1306 3300 renascitur
1315 3265 1328 3299 e
1338 3251 1462 3313 seprrlcro;

961 3341 1034 3399 alque
1043 3351 1074 3386 ex
1084 3351 1112 3387 eo
1122 3339 1187 3387 succi
1199 3339 1268 3400 plena
1279 3339 1361 3400 planta
1371 3340 1483 3398 fruticat,

960 3429 1049 3474 terram
1059 3426 1120 3474 clam
1131 3425 1270 3474 abradendo
1280 3439 1437 3488 perrumpens
1446 3442 1453 3484 ς

962 3527 1017 3576 quae
1029 3514 1134 3573 frondes,
1145 3515 1193 3562 ritu
1204 3528 1313 3562 mserum
1324 3514 1426 3575 calycis,
1436 3514 1496 3576 gerit
1507 3516 1600 3564 clausas
1612 3537 1619 3564 :

960 3616 1016 3652 nam
1024 3603 1104 3652 veluti
1113 3602 1144 3650 ad
1152 3602 1250 3652 vitalem
1258 3615 1343 3651 anram
1351 3601 1521 3665 adstupesrens
1529 3617 1678 3664 procrescere
1687 3619 1744 3653 erm·

960 3692 1037 3740 donec
1049 3692 1144 3740 Lucifer
1153 3692 1215 3744 altor
1224 3693 1379 3753 conspectus,
1647 3691 1743 3756 [ctalur,

961 3781 1001 3843 qni
1013 3780 1159 3829 ambientem
1169 3794 1222 3829 earn
1235 3793 1314 3829 rorem
1326 3779 1443 3841 detergit,

961 3869 1080 3931 sigillatim
1092 3881 1219 3931 exsrrrgere
1232 3869 1340 3931 palmites
1354 3868 1464 3928 coegerit.

961 3962 1071 4020 Namque
1081 3958 1113 4007 ita
1123 3957 1269 4007 incalescens
1279 3971 1375 4020 germen
1389 3957 1444 4004 lolia
1454 3956 1542 4018 spargit
1552 3993 1559 4016 ,

962 4060 1122 4109 prorumpens
1131 4046 1161 4095 ad
1174 4047 1279 4096 calorem
1293 4048 1380 4096 sensim
1394 4045 1587 4106 tepefacienten13

962 4139 986 4186 ct
997 4137 1074 4200 adipis
1085 4137 1211 4198 cujusdam
1224 4136 1321 4198 liquidae
1335 4137 1446 4184 mollities

962 4226 1096 4274 intextura
1110 4225 1186 4286 surgit
1201 4225 1295 4273 nervosi
1309 4225 1423 4285 corporis.

962 4313 1047 4362 Paullo
1059 4317 1125 4375 post,
1135 4315 1155 4362 si
1165 4313 1253 4362 bnmor
1262 4311 1423 4360 abundantior
1434 4309 1527 4369 allinit,

962 4403 1034 4452 etiam
1048 4415 1157 4452 racemus
1168 4415 1182 4450 a
1193 4403 1277 4463 planta
1290 4400 1409 4459 excurrit,

962 4491 1004 4553 qui
1014 4504 1112 4553 pmrsus
1119 4489 1183 4538 idem
1192 4489 1245 4550 viti,
1253 4487 1317 4550 qnod
1326 4488 1396 4536 tricus
1404 4486 1479 4545 melli,
1487 4499 1537 4534 esse
1544 4485 1729 4546 deprehenditur
1738 4505 1744 4536 ι

962 4593 1067 4642 namque
1075 4578 1188 4628 subducit
1198 4589 1282 4627 succos
1291 4589 1385 4624 sursum
1395 4576 1498 4632 tractos,

963 4681 1042 4730 neque
1055 4668 1144 4730 patitur
1157 4665 1262 4726 generari
1276 4663 1412 4722 malleolos,

964 4757 986 4805 in
998 4756 1088 4818 quibus
1100 4755 1204 4804 emicare
1215 4752 1304 4800 debent
1314 4752 1380 4812 signa
1392 4751 1498 4810 tructus,

964 4847 1094 4906 antequam
1107 4841 1242 4904 superlluus
1255 4841 1294 4889 ille
1305 4851 1415 4888 racemus
1426 4839 1551 4888 evellatur.

964 4936 1045 4991 Quum
1057 4933 1138 4979 autem
1151 4929 1258 4978 luxrrries
1268 4928 1436 4989 pampinorum
1446 4927 1470 4974 in
1481 4928 1555 4975 vitem
1565 4925 1664 4988 ingruit,

964 5034 1041 5083 eoque
1050 5033 1123 5068 onere
1130 5019 1253 5079 palmites,
1264 5029 1397 5064 nesursnm
1406 5030 1431 5065 se
1440 5017 1559 5078 attollent,
1571 5015 1746 5078 impediuntur,

965 5111 1045 5169 plama
1056 5106 1175 5170 protrudit
1184 5105 1299 5166 aucipites
1308 5105 1451 5165 claviculas,

1631 3047 1705 3088 N„

941 5193 943 5212 ¹
966 5202 989 5246 et
1000 5195 1154 5258 amplectitur
1163 5195 1272 5256 proxima
1284 5207 1401 5254 qumque,
1413 5207 1470 5256 quaa
1480 5193 1584 5242 nancisci
1594 5198 1686 5255 potest,
