4058 6092
251 463 270 534 tt
926 457 1142 518 paurum.

251 607 340 663 esset
361 593 430 663 nisi
451 608 490 664 ut
515 617 622 663 suum
652 593 785 688 cuique
803 593 840 662 in
858 590 1085 662 collectaneis
1118 591 1205 659 meis
1229 589 1446 672 tribuerem,
1480 585 1616 678 ubique
1642 582 1830 678 diligenter

250 724 416 796 consului
432 726 572 796 criticas
589 725 709 820 copias
725 697 997 795 Gaislordianas.
1014 725 1059 794 lis
1084 737 1202 793 autem
1226 718 1372 813 adjunxi
1390 716 1608 801 editionem,
1633 739 1741 808 quam
1764 719 1828 782 Lu-

251 860 344 928 tetioe
369 858 585 928 Parisiorum
611 882 642 928 a.
672 857 762 928 1828
784 857 929 928 duobus
952 855 1200 927 voluminibus
1217 852 1381 922 emissam
1399 848 1536 956 curavit
1562 852 1594 916 J.
1611 853 1653 916 B.
1677 845 1770 957 Gur'l,
1794 861 1828 914 et

250 1012 357 1083 quam
380 988 500 1060 nullus
521 989 595 1060 huc
619 1014 734 1086 usque
753 1015 794 1060 ex
820 988 1045 1076 editoribus,
1071 1010 1228 1082 quorum
1250 1006 1360 1081 opera
1388 979 1598 1050 emendatus
1621 977 1827 1048 Theocritus

250 1133 371 1216 postea
392 1119 547 1217 prodiit,
581 1121 619 1190 in
650 1145 756 1191 usum
775 1121 928 1190 vocavit.
956 1118 1094 1191 Gailius
1122 1142 1254 1188 novam
1276 1131 1311 1185 et
1340 1116 1512 1208 integram
1541 1111 1705 1182 omnium
1735 1134 1828 1205 quos

248 1264 365 1320 servat
386 1251 492 1346 Regia
508 1251 731 1322 Bibliotheca
759 1252 912 1322 Parisino
933 1249 1100 1322 codicum
1129 1249 1357 1319 collationem
1376 1244 1640 1342 suppeditavit,
1662 1240 1725 1312 sed
1751 1266 1825 1311 non

248 1379 389 1451 addidit
407 1382 497 1477 quid
521 1383 722 1477 significent
741 1381 866 1478 liltterae
883 1387 922 1452 A.
942 1389 978 1452 Β.
998 1386 1036 1453 C.
1056 1385 1100 1451 D.
1121 1406 1236 1477 usque
1262 1379 1307 1450 ad
1330 1378 1484 1449 litteram
1508 1380 1571 1464 Z.,
1594 1375 1727 1470 quibus
1755 1375 1826 1443 sin·

247 1511 509 1604 gulos'codices
532 1512 705 1584 distinxit.
738 1517 827 1582 Nam
854 1538 929 1608 quo
959 1515 1079 1583 minus
1109 1513 1256 1582 tertium
1285 1510 1479 1596 volumen,
1502 1510 1633 1602 inquo
1655 1506 1822 1584 codicum

245 1641 539 1716 Theocriteorum
571 1645 735 1715 notitiam
769 1659 804 1714 et
826 1660 966 1715 aetatem
1001 1646 1228 1741 expositurus
1260 1658 1355 1732 erat,
1379 1642 1581 1714 absolveret
1611 1653 1727 1710 morte
1759 1638 1825 1706 im·

246 1775 389 1871 peditus
419 1791 484 1847 est.
509 1780 588 1847 lam
613 1801 699 1847 vero
732 1776 870 1872 aliquot
893 1776 1039 1847 codices
1072 1778 1135 1872 qui
1168 1777 1240 1870 sint
1269 1790 1304 1845 et
1329 1775 1474 1872 quales,
1507 1773 1612 1842 lacile
1634 1786 1686 1840 est
1717 1793 1821 1866 repe-

246 1908 337 1996 rire,
365 1907 428 1980 ubi
454 1909 665 2004 farraginem
693 1909 893 1978 lectionum
920 1908 1131 1986 variantium
1158 1907 1355 1979 Gailianam
1384 1905 1580 1978 contuleris
1602 1929 1684 1975 cum
1715 1930 1823 2000 appa-

244 2055 321 2109 ratu
339 2039 604 2111 Gaislordiano.
630 2039 700 2110 Sed
720 2041 765 2110 de
789 2041 853 2124 iis,
876 2065 956 2136 quae
984 2066 1058 2111 non
1077 2039 1223 2112 aliunde
1241 2040 1381 2134 cognita
1406 2055 1441 2108 et
1466 2064 1508 2108 ex
1538 2042 1633 2108 MSS.
1657 2036 1820 2107 nondum

243 2170 381 2241 collatis
395 2170 611 2269 deprompta
629 2173 792 2244 continet
811 2171 921 2242 editio
937 2171 1057 2259 Gailii,
1084 2187 1183 2243 certo
1197 2170 1358 2265 judicare
1373 2195 1447 2240 non
1470 2184 1586 2265 potui.
1607 2173 1685 2238 Huc
1707 2192 1823 2239 acces·

241 2312 287 2382 sit
304 2311 404 2407 quod
426 2312 531 2382 Gailii
551 2311 639 2384 fides
659 2327 694 2383 et
712 2313 835 2408 religio
855 2313 952 2409 apud
966 2313 1056 2384 alios
1074 2314 1499 2411 scriptores'Graecorum
1519 2312 1557 2380 in
1576 2310 1820 2407 suspicionem
1939 2305 1944 2312 ’

241 2427 367 2516 vocata¹
394 2459 464 2532 est,
485 2460 520 2516 et
538 2443 637 2541 quod
657 2444 752 2541 apud
769 2444 997 2548 Theocritum
1021 2470 1168 2541 quoque
1187 2469 1461 2540 nonnumquam
1485 2465 1568 2514 eum
1588 2443 1727 2536 lapsum
1746 2465 1821 2511 esse

241 2576 487 2649 animadverti.
511 2583 576 2665 lta,
595 2593 635 2647 ut
653 2601 767 2648 unum
784 2577 1039 2652 tantummodo
1060 2579 1243 2674 specimen
1274 2571 1426 2665 adda'm,
1452 2577 1490 2646 in
1509 2574 1608 2670 idyll.
1625 2581 1651 2644 Ι.
1673 2574 1751 2660 243.
1770 2573 1820 2644 al·

239 2710 306 2780 fert
322 2705 441 2780 «Atta
461 2710 497 2781 d.
512 2743 529 2776 υ
546 2710 710 2804 qu'asi'ex
726 2710 852 2780 codice
877 2724 1021 2780 enotata
1042 2726 1131 2780 esset
1161 2711 1347 2806 scriptura.
1374 2718 1417 2780 At
1445 2711 1505 2782 illa
1531 2709 1649 2779 littera
1674 2722 1751 2777 orta
1779 2731 1818 2775 ex

238 2826 385 2913 nomine
406 2841 569 2912 Dum'elr's
586 2842 723 2916 Heinsii
738 2842 835 2940 apud
852 2841 1117 2930 Gaislordium,
1144 2842 1245 2938 quod
1262 2842 1402 2914 Gailius
1421 2867 1611 2939 perperam
1634 2841 1818 2914 intellexit.

236 2976 293 3046 Sic
317 2974 406 3046 alios
424 2972 562 3046 errores
580 3000 726 3073 possem
743 2975 909 3070 adjicere.
936 2979 1059 3071 Itaque
1075 2975 1245 3071 precibus
1265 2975 1336 3046 adii
1359 2976 1573 3047 Frr'derc'cum
1599 2973 1798 3046 Debueram

237 3119 277 3176 ut
294 3105 432 3201 aliquot
450 3104 594 3176 codices
612 3107 791 3177 Parisinos
812 3131 832 3175 a
854 3131 911 3176 me
930 3105 1110 3178 indicatos
1135 3106 1257 3177 denuo
1284 3107 1322 3176 in
1345 3132 1465 3176 meum
1495 3133 1602 3178 usum
1622 3106 1818 3193 conferret,

155 3291 156 3295 ,
234 3231 309 3334 quo
330 3231 460 3308 certius
473 3237 634 3332 judicare
652 3263 796 3334 possem
820 3236 866 3307 de
892 3228 998 3309 Gailii
1027 3237 1100 3309 lide
1126 3253 1160 3308 et
1186 3238 1371 3333 religione.
1402 3243 1519 3335 Atque
1540 3241 1595 3310 vir
1614 3221 1674 3309 ille
1692 3237 1816 3308 soller-

235 3365 390 3438 tissimus
411 3369 533 3439 statim·
551 3370 642 3440 meis
663 3370 832 3467 precibus
851 3371 980 3441 annuit
994 3385 1029 3442 et
1043 3387 1169 3468 postea
1182 3371 1229 3442 ad
1247 3397 1304 3442 me
1321 3371 1420 3444 misit
1436 3373 1668 3443 collationem
1683 3371 1816 3442 horum

233 3477 403 3570 codicum*
422 3526 431 3569 ε

276 3733 299 3769 ¹·
318 3709 406 3792 Apud
420 3709 617 3768 Galsfordium
634 3711 690 3768 335
711 3711 806 3790 [error
822 3734 975 3794 operarum
993 3737 1048 3795 pru
1065 3717 1173 3798 3335],
1195 3719 1283 3778 hodie
1300 3740 1344 3778 nr.
1361 3719 1436 3777 2835
1454 3721 1514 3777 sive
1530 3723 1561 3776 P.
1581 3715 1662 3794 apud
1680 3711 1815 3774 Gallium.

232 3837 286 3876 sec.
300 3821 377 3876 xlv.

270 3941 297 3979 2.
318 3919 405 3998 Apud
422 3921 511 3978 Gaiss.
532 3921 615 3992 1513,
631 3921 720 3980 hodie
732 3943 774 3980 nr.
792 3927 867 3982 2831
886 3927 989 3986 sireI..
1003 3929 1082 4005 apud
1097 3931 1179 4002 Gail,
1194 3930 1331 4006 bombyc.
1342 3951 1397 3988 sec.
1413 3935 1489 3990 XIV.
1504 3929 1584 4007 [Non
1597 3940 1676 3986 recte
1689 3925 1815 3985 Adertus

230 4025 361 4085 codicem
376 4025 528 4104 adscripsit
539 4027 636 4083 seculo
651 4028 748 4105 xut]

270 4142 297 4200 4.
318 4131 405 4211 Apud
418 4131 507 4188 Gaisl'.
521 4132 713 4206 2794,1ιοάἰε
726 4153 770 4191 nr.
784 4139 861 4208 2726
876 4138 937 4196 sive
949 4141 986 4198 D.
1001 4141 1079 4218 apud
1093 4143 1168 4200 Gail.

268 4250 295 4305 6.
316 4245 403 4324 Apud
420 4247 509 4305 Gaisl'.
525 4245 652 4305 Colbert.
679 4251 772 4328 1193,
793 4250 881 4311 hodie
902 4274 946 4312 nr.
966 4275 1040 4327 ²72¹
1067 4258 1127 4315 sive
1146 4263 1177 4315 B.
1193 4259 1269 4333 apud
1285 4259 1359 4316 Gail.
1378 4279 1437 4320 sec.
1461 4261 1516 4316 XV
1539 4269 1658 4315 auctore
1674 4254 1815 4316 Diibnero

229 4351 339 4428 [Adert.
352 4373 409 4410 sec.
420 4352 511 4430 x1v].

267 4481 296 4534 9.
321 4453 406 4538 Apud
421 4459 512 4518 Gaisf.
533 4461 659 4521 Colbert.
675 4464 771 4535 6443,
785 4465 873 4526 hodie
886 4489 929 4526 nr.
947 4471 1023 4540 2884
1037 4473 1098 4530 sive
1112 4478 1145 4547 Q.
1161 4473 1239 4554 apud
1258 4474 1346 4547 nait,
1367 4473 1503 4551 bombyc.
1524 4474 1641 4552 optimae
1662 4485 1738 4530 notae
1758 4491 1814 4530 sec.

228 4568 308 4623 XIII.

261 4691 314 4728 so.
336 4670 424 4748 Apud
439 4672 528 4730 Gaisl'.
540 4675 647 4752 Regius
661 4679 755 4753 3378,
766 4681 855 4740 hodie
873 4685 950 4740 2832
966 4688 1026 4744 sive
1040 4688 1077 4743 M.
1090 4687 1169 4764 apud
1185 4687 1259 4746 Gaii.
1276 4688 1330 4767 (Ex
1346 4688 1402 4745 hoc
1417 4688 1517 4746 codice
1531 4686 1695 4768 descriptus
1709 4699 1751 4745 est
1768 4706 1812 4742 nr.

229 4779 305 4836 2812
319 4777 381 4837 sive
391 4775 430 4839 K.
443 4777 522 4858 apud
534 4781 619 4862 Gail.)
633 4783 768 4866 bombyc.
779 4790 897 4868 optimae
913 4803 989 4848 notae
1002 4812 1059 4850 sec.
1072 4798 1154 4853 XIII.

275 4980 413 5077 Optimi
433 4981 526 5052 inter
538 4982 683 5056 codices
702 4987 882 5058 Parisinus
903 5004 988 5058 sunt
1003 5015 1027 5084 9
1044 4989 1117 5059 sive
1137 4995 1182 5076 Q.
1211 5006 1245 5062 et
1274 5017 1315 5063 ιο
1341 4992 1415 5064 sive
1439 4993 1540 5088 Μ.(*)
1561 4993 1610 5062 Ex
1629 4987 1812 5082 scripturae

227 5231 231 5238 ,
269 5171 303 5249 (*)
322 5174 427 5244 Veram
441 5191 503 5232 esse
515 5174 748 5256 descriptionem,
761 5199 848 5257 quam
862 5181 899 5240 de
917 5181 961 5239 his
973 5181 1086 5240 duobus
1099 5183 1250 5242 codicibus
1263 5184 1344 5244 dedit
1358 5183 1585 5244 Sanctamundus
1596 5181 1672 5257 apud
1687 5178 1812 5237 Gaislor·

227 5277 322 5350 dium,
337 5278 408 5336 milri
421 5279 528 5340 diserte
539 5283 679 5343 indicavit
691 5285 857 5346 Dfibnerus.
