4028 6042
367 575 393 615 ιι
963 553 1179 615 PRAEFATIO.

414 689 467 759 De
488 685 728 783 inscriptione
745 683 857 781 hujus
885 684 1076 782 fragmenti
1093 712 1203 785 quam
1224 689 1402 761 exhibent
1427 717 1523 765 cum.
1553 695 1662 769 codd.
1682 703 1777 772 Pari-

367 813 519 901 sienses,
541 825 620 881 tum
647 808 896 907 apographum
916 808 1128 882 Gudianum
1152 813 1233 885 cod.
1260 814 1413 887 Medicei
1436 842 1456 889 a
1477 819 1641 893 Fabricio
1657 823 1670 917 (
1686 826 1777 896 Bibl.

367 940 477 1008 Graec.
498 934 556 1007 ed.
576 950 646 1007 vet.
667 950 693 1006 t.
710 938 739 1027 l,
760 960 797 1033 p.
819 939 862 1023 14
879 933 985 1034 sqq.)
1001 960 1204 1030 excussum,
1219 945 1401 1038 Μαρκέλλου
1416 939 1555 1029 Σεδῂ4του
1575 951 1688 1045 οχολια
1704 957 1780 1023 Χεί.

365 1092 453 1160 puros
468 1065 539 1159 περὶ
557 1064 667 1160 ἰχθύων
681 1063 719 1131 τὸ
737 1073 859 1159 πρῶτον
877 1056 897 1130 δ
901 1063 932 1132 ιὰ
941 1064 1058 1159 στίχων
1068 1071 1206 1161 ἡρωϊκῶν
1217 1067 1349 1164 ἰατρικά,
1368 1066 1510 1140 erudite
1525 1069 1778 1149 disseruerunt

364 1186 563 1260 Schneider
588 1187 658 1284 (in
685 1211 752 1257 sua
771 1186 928 1258 Marcelli
953 1185 1115 1259 editione
1140 1187 1187 1260 ad
1211 1187 1347 1261 calcem
1375 1190 1560 1275 Plutarchi
1585 1196 1632 1269 de
1652 1197 1779 1274 liberis

364 1311 564 1385 educandis
581 1311 805 1407 Argentorati
832 1307 937 1408 1775.
956 1309 993 1381 8⁰
1009 1337 1047 1410 p.
1065 1337 1111 1410 9²
1128 1311 1142 1405 λ
1162 1325 1198 1381 et
1218 1309 1316 1382 doct.
1332 1311 1450 1384 Miller
1472 1315 1526 1412 (l.
1543 1317 1568 1387 l.
1587 1324 1779 1415 septembre

364 1464 399 1537 p.
412 1435 483 1537 569
494 1439 519 1524 l.
534 1441 702 1510 Lectores
716 1435 864 1508 tandem
873 1436 983 1508 latere
997 1435 1096 1524 nolo,
1112 1435 1262 1506 titulum
1275 1435 1339 1532 qui
1357 1435 1395 1507 in
1412 1435 1521 1509 editis
1537 1439 1633 1512 inter
1648 1469 1720 1515 vss.
1732 1447 1779 1533 46

363 1568 451 1661 εῑ47
471 1561 602 1659 legitur
620 1562 659 1632 in
674 1561 809 1633 nostris
822 1560 931 1633 codd.
950 1559 1092 1650 deesse,
1111 1560 1196 1631 loco
1211 1583 1297 1630 vero
1314 1559 1461 1632 alterius
1480 1563 1578 1636 inter
1590 1591 1661 1639 vss.
1677 1568 1725 1656 43
1743 1587 1779 1642 et

363 1693 410 1776 44
423 1685 642 1759 inveniundi
660 1684 768 1758 codd.
790 1686 1006 1758 Parisienses
1021 1682 1193 1756 exhibere
1207 1685 1278 1780 περὶ
1299 1686 1427 1782 τρίγλης
1444 1689 1552 1768 θέσεως
1573 1690 1653 1786 (ἐπὶ)
1669 1692 1778 1791 dulps.

362 1843 413 1896 νιος
425 1816 477 1884 καὶ
496 1823 617 1911 πληγῆς
630 1813 794 1883 θαλασσίου
803 1807 978 1909 δράκοντος.

410 1935 520 2025 Quod
535 1936 582 2007 ad
596 1934 711 2007 libros
736 1935 782 2006 de
801 1935 928 2007 avibus
946 1936 1093 2026 attinet,
1119 1937 1149 2007 si
1170 1934 1332 2033 praefatio
1353 1961 1483 2009 eorum
1510 1963 1596 2010 cum
1617 1942 1778 2018 clausula

363 2063 428 2134 lib.
451 2065 503 2133 ΙΙΙ
525 2060 743 2150 conferatur,
766 2060 894 2159 procul
919 2062 1022 2132 om'ni
1043 2045 1158 2132 dubio
1169 2058 1359 2133 ¹*affirmare
1384 2061 1467 2134 licet
1489 2088 1655 2159 carmen,
1675 2073 1777 2168 quod
1799 2129 1805 2138 .

363 2189 400 2259 in
424 2186 628 2285 pedestrem
666 2187 871 2258 orationem
894 2184 940 2258 ab
966 2187 1092 2283 ignoto
1114 2185 1275 2282 quodam
1303 2189 1539 2283 grammatico
1563 2192 1777 2267 traductum

363 2311 588 2401 exhibemus,
601 2335 677 2383 non
690 2310 913 2409 Oppianum,
927 2334 1054 2382 verum
1068 2310 1286 2408 Dionysium
1307 2311 1493 2409 quendam
1513 2314 1686 2390 babuisse
1711 2346 1777 2392 au·

360 2453 509 2511 ctorem.
530 2437 612 2507 Fuit
633 2451 754 2508 autem
769 2435 873 2509 hicce
894 2435 1110 2532 Dionysius,
1127 2436 1157 2506 si
1172 2435 1361 2508 Eustathio
1376 2438 1514 2535 (Epist.
1533 2438 1580 2511 ad
1596 2445 1774 2516 loannem

359 2566 499 2634 Ducam
516 2565 724 2633 Comment.
736 2561 774 2632 in
790 2561 1006 2659 Dionysium
1024 2559 1242 2657 Periegetem
1259 2563 1444 2660 praemissa
1458 2565 1657 2638 versusfin.
1673 2571 1686 2666 )
1702 2596 1778 2642 cre·

361 2688 503 2777 damus,
511 2685 848 2784 Philadelphensis,
865 2687 920 2757 vir
930 2685 1079 2758 aliunde
1086 2684 1196 2784 plane
1210 2684 1439 2781 incognitus3
1462 2709 1547 2757 nam
1565 2705 1663 2760 recte
1674 2689 1774 2764 doct.

359 2813 474 2885 Miller
489 2813 536 2909 (l.
555 2813 579 2883 l.
594 2815 705 2898 Aous,
723 2837 758 2910 p.
773 2809 867 2905 483)
884 2810 1039 2909 explosit
1052 2808 1299 2906 conjecturam
1313 2809 1467 2883 Fabricii
1485 2814 1533 2908 (t.
1550 2816 1595 2902 11,
1610 2839 1647 2912 p.
1665 2815 1775 2910 800),

358 2938 471 3010 verbo
490 2933 697 3034 Φιλαδελφέα
719 2935 779 3007 hic
806 2935 986 3033 designari
1004 2936 1243 3044 Dionysium,
1263 2959 1374 3033 quem
1398 2961 1419 3006 a
1439 2935 1634 3011 Ptolemaeo
1652 2939 1773 3013 Phila-

358 3063 495 3162 delpho
509 3064 547 3134 in
561 3061 702 3134 lndiam
714 3062 867 3133 missum
885 3087 974 3152 esse,
987 3061 1097 3133 refert
1114 3061 1255 3132 Plinius
1270 3061 1351 3158 (Vl,
1366 3086 1407 3158 ¹7
1424 3079 1448 3157 ).
1462 3067 1641 3137 Accurato
1651 3082 1772 3139 autem

358 3189 515 3259 examini
531 3187 715 3259 submisso
732 3186 817 3258 cod.
833 3187 1040 3276 Parisiensi,
1054 3186 1188 3258 certior
1201 3185 1316 3256 factus
1330 3211 1424 3272 sum,
1440 3213 1525 3259 eum
1539 3205 1669 3287 praeter
1686 3218 1771 3292 sup-

356 3313 540 3410 plementa
568 3312 706 3410 ubique
733 3311 806 3384 lere
830 3313 1062 3411 suppeditare
1091 3312 1265 3383 lectiones
1298 3314 1483 3384 contextui
1511 3315 1773 3414 Windingiano

357 3436 413 3508 vel
432 3434 719 3507 Schneideriano
743 3435 851 3534 longe
880 3435 1174 3535 anteponendas,
1207 3437 1343 3535 quibus
1367 3462 1501 3509 novam
1521 3439 1618 3512 hanc
1643 3442 1772 3516 editio·

357 3587 442 3634 nem
461 3584 636 3640 exornare
649 3586 725 3633 non
736 3559 920 3651 dubitavi3
932 3560 1133 3633 dolendum
1152 3563 1261 3660 igitur
1276 3587 1386 3660 quam
1397 3563 1554 3635 maxime
1568 3565 1670 3639 hunc
1686 3567 1770 3639 cod.

356 3689 395 3760 in
411 3688 533 3759 medio
548 3687 663 3785 capite
680 3685 745 3758 lib.
760 3690 790 3756 ll
814 3686 945 3757 ultimo
963 3712 1051 3759 voce
1071 3677 1255 3788 γλυκύτερον
1274 3687 1484 3760 subsistere.
1504 3693 1583 3760 Jam
1604 3694 1770 3766 monitos

357 3839 435 3886 esse
442 3813 527 3886 volo
537 3811 704 3902 lectores,
717 3835 776 3882 me
790 3811 908 3882 tribus
921 3827 1066 3882 tantum
1079 3814 1117 3884 in
1127 3814 1218 3886 locis
1234 3814 1455 3909 conjecturae
1471 3838 1542 3912 ope
1554 3816 1770 3913 Dionysium

358 3954 524 4013 nostrum
533 3935 728 4035 emendare
738 3951 909 4008 conatum
928 3961 1024 4008 esse:
1042 3944 1072 4007 1⁰
1082 3940 1223 4036 primus
1239 3939 1425 4011 invenitur
1434 3964 1512 4037 cap.
1524 3938 1582 4030 23,
1595 3940 1660 4012 lib.
1676 3947 1693 4012 Ι
1707 3942 1771 4016 ubi

357 4065 424 4162 legi
447 4057 614 4160 θηλυδριῶν
645 4063 831 4159 βακχευταί,
858 4059 942 4132 cod.
979 4062 1174 4134 exhibente
1207 4059 1367 4162 θηλυδρίαι
1402 4069 1579 4162 βακχεύειν·
1600 4081 1772 4163 praeterea

354 4189 447 4262 duce
465 4187 604 4260 Millero
625 4186 678 4283 (l.
709 4186 733 4258 l.
753 4211 788 4284 p.
819 4183 890 4274 485
910 4191 923 4282 )
942 4212 1010 4285 pro
1031 4197 1176 4270 τελευτῆς
1199 4189 1222 4260 l.
1242 4201 1380 4272 τελετῆς.
1399 4197 1435 4262 2⁰
1457 4189 1538 4261 Lib.
1560 4193 1594 4278 l,
1615 4215 1695 4289 cap.
1724 4219 1772 4291 29

354 4315 422 4412 legi
438 4311 611 4400 ζηλιυθείη,
630 4311 696 4384 ubi
708 4311 791 4383 cod.
805 4311 919 4384 habet
936 4309 1119 4395 ζηλεύσειεν.
1141 4313 1265 4412 3⁰Lib.
1280 4321 1325 4407 ll,
1342 4341 1420 4414 cap.
1443 4342 1483 4414 17
1502 4315 1572 4413 legi
1588 4317 1770 4408 ἐξεώσασαι,

355 4440 419 4513 ubi
438 4465 524 4511 cum
552 4438 648 4529 cod,
676 4453 755 4510 tum
774 4437 871 4510 edita
890 4438 1125 4537 suppeditant
1149 4443 1286 4529 ἐξεῶσαι.
1314 4443 1487 4515 Libenter
1514 4441 1625 4513 etiam
1651 4441 1714 4514 lib.
1745 4449 1771 4534 l,

353 4591 432 4664 cap.
449 4566 496 4638 28
514 4590 582 4663 pro
600 4560 853 4662 διατεταγμένοις
867 4563 1034 4661 legissem
1051 4562 1301 4664 διατεταμένους,
1314 4569 1364 4640 ita
1381 4583 1424 4639 ut
1436 4566 1510 4639 hoc
1532 4565 1770 4664 participium

354 4716 429 4762 non
446 4691 491 4762 ad
507 4691 634 4763 oculos
652 4692 689 4762 in
706 4691 822 4762 cauda
836 4689 989 4789 pavonis
1001 4690 1137 4787 pictoS,
1153 4693 1219 4763 sed
1234 4692 1281 4764 ad
1291 4717 1394 4764 veros
1412 4689 1527 4785 hujus
1542 4687 1619 4758 avis
1637 4690 1769 4764 oculos

352 4812 611 4910 referatur3'sic
625 4819 733 4891 etiam
756 4818 814 4890 vel
844 4819 973 4917 legisse
999 4818 1056 4891 vel
1078 4818 1293 4892 emendasse
1322 4815 1467 4888 videtur
1484 4816 1683 4902 Gesnerus,
1699 4816 1768 4889 ubi

352 4947 459 5018 vertit
478 4945 588 5020 oculis
611 4946 778 5018 lustrans.
798 4947 922 5018 lnveni
936 4962 1107 5043 praeterea
1125 4947 1165 5019 in
1185 4959 1312 5017 nostro
1327 4941 1411 5015 cod.
1435 4939 1612 5013 lectiones
1627 4935 1768 5035 aliquas
