4022 6084
814 421 1029 485 rametam.
1666 405 1725 492 'xv

100 557 448 623 coustituituiuariorum,
460 555 675 628 lupanariomm,
686 557 894 632 caligariorum,
940 577 1013 634 quos
1025 556 1128 616 Noster
1146 557 1189 615 lll
1197 603 1206 632 ,
1224 559 1280 634 395
1294 578 1339 635 sq.
1355 571 1384 616 et
1397 559 1454 616 286
1469 564 1724 636 commemoravit;

100 649 257 699 eromuino
265 648 389 699 omnium
399 648 512 700 artium.
527 667 539 693 ι
554 640 788 719 ipseimperator
796 663 895 703 secun·
940 665 1060 724 possum
1090 646 1191 706 multis
1215 647 1353 723 persequi
1377 650 1544 704 Mammoeoe
1569 649 1724 710 infaustam

101 729 178 787 dum
191 751 218 787 c.
232 750 270 805 ²9
281 742 311 787 ct
322 732 492 806 piscabatur
500 743 528 788 et
545 732 719 801 uemhamm
736 733 893 791 meandum
940 736 1051 812 optimo
1067 734 1170 813 juveni
1184 733 1401 806 auctoritatem,
1416 734 1570 796 muliebris
1586 741 1725 815 potentiae

101 839 131 874 c.
147 819 185 875 30
199 830 228 876 et
238 822 397 894 palasea,
414 831 442 877 et
453 825 557 888 cursui,
575 831 605 878 ct
618 822 814 877 luctaminibus
826 825 895 878 mol·
941 823 1046 900 sepius
1056 820 1187 882 aNcstro
1195 820 1346 880 celebrata
1355 821 1473 898 insigne
1482 824 1664 902 exemplum
1675 826 1725 885 sed

103 911 221 964 iioribus
232 927 347 984 operam
359 910 452 978 dedic
466 908 624 968 seeundum
637 930 663 966 c.
680 916 716 976 ia
724 917 889 986 piscatores,
940 911 1064 984 sufficit,
1092 912 1185 988 ipsius
1210 911 1341 969 anulissc
1360 910 1549 989 imperatoris
1569 913 1726 990 imaginem

94 995 231 1068 fullones
243 1009 280 1054 et·
285 999 461 1055 balneatores
471 1004 585 1056 nouuisi
595 1018 688 1055 servos
706 1005 770 1056 suo's
785 1000 894 1060 habuit.
941 1021 967 1057 c.
982 1021 1018 1073 27
1031 998 1184 1058 hisvcrbis
1193 999 1367 1058 delineatam
1379 1019 1387 1055 t
1400 1025 1411 1050 ι
1422 997 1577 1059 Facundiae
1585 1001 1640 1060 fuit
1648 1001 1728 1062 Gra·

101 1083 193 1154 Quod
208 1085 245 1143 ad
255 1106 410 1162 purpuram
425 1086 542 1158 attinet,
562 1089 632 1144 satis
644 1099 688 1144 est
706 1086 896 1164 adscripsisse
944 1114 957 1141 u
974 1109 1014 1148 cae
1025 1090 1129 1166 magis,
1140 1107 1228 1166 quam
1239 1087 1366 1160 Latine,
1380 1105 1433 1146 nec
1442 1107 1529 1147 versu
1540 1089 1724 1165 invenustus,

101 1193 129 1232 c.
149 1183 188 1242 ic
202 1195 210 1231 z
228 1199 241 1226 ι
254 1193 394 1252 purpurae
405 1174 575 1236 clarissimas
587 1195 646 1234 non
657 1174 693 1233 ad
703 1194 787 1234 usum
797 1194 892 1244 suum,
944 1201 957 1228 ι
973 1189 1002 1236 et
1011 1177 1048 1236 ad
1059 1177 1200 1236 musicam
1210 1194 1337 1254 pronus,
1349 1176 1506 1234 matheseos
1512 1184 1639 1252 peritus:
1650 1194 1680 1236 et
1688 1187 1727 1238 ita

106 1287 121 1312 ι
139 1262 192 1319 sed
211 1261 248 1321 ad
271 1276 485 1334 matronamm,
507 1264 534 1322 si
556 1283 621 1341 qua
641 1277 691 1321 aut
710 1277 828 1341 possent
848 1276 897 1322 aut
944 1270 1101 1340 squidem,
1127 1280 1206 1324 uter
1225 1273 1287 1339 ejus
1302 1272 1384 1338 jussu
1404 1266 1599 1323 mathematici
1615 1269 1728 1342 publice

107 1375 121 1402 ι
141 1350 267 1424 vellent,
280 1363 358 1412 certe
369 1351 614 1424 edvendendum,
627 1352 818 1428 gravissimus
830 1371 895 1410 exa·
944 1378 957 1404 ι
970 1358 1280 1431 pmposueriatliomoe,
1295 1353 1531 1429 acsimprosessi,
1548 1358 1726 1416 utdocereut.

107 1465 121 1489 ι
140 1452 206 1496 ctor
217 1439 291 1502 ituit:
306 1441 348 1500 ita
357 1453 391 1499 ut
402 1444 604 1498 Aleamdriuo
613 1461 740 1517 proptera
749 1439 896 1517 hodieque
944 1441 1175 1524 «Haruspicinae
1194 1461 1313 1521 quoque
1332 1441 1527 1521 peritissimus
1544 1443 1610 1504 fuit.
1623 1441 1729 1524 Ὀρνεο-

107 1553 122 1580 ι
137 1529 263 1602 dicatum,
285 1549 352 1608 quse
374 1531 464 1606 vulgo
478 1531 625 1589 Probiana
646 1527 764 1599 dicitur,
784 1528 895 1586 idcirco
943 1555 956 1582 ι
973 1531 1217 1609 σκόποςιιιιςιιιιε,
1230 1528 1455 1590 utetVascones
1466 1529 1683 1606 Hispanorum,
1698 1543 1727 1590 et

107 1641 121 1667 ι
141 1616 222 1690 quod
244 1619 383 1677 Aurelius
398 1617 513 1676 Probus
539 1615 658 1696 baphiis
671 1617 846 1694 praepositos
863 1616 895 1675 id
943 1644 956 1670 ι
973 1619 1193 1680 Pannoniorum
1207 1637 1332 1695 augures
1345 1618 1462 1678 vicerit.
1473 1615 1669 1678 Geometriam
1685 1621 1728 1680 ie·

108 1729 122 1754 s
141 1723 232 1777 genus
247 1706 369 1765 muricis
383 1705 549 1784 reperisset.
574 1730 586 1757 s
611 1705 655 1762 De
667 1702 895 1782 preceptoribus
943 1733 956 1760 ι
973 1709 1029 1781 cit;
1048 1709 1148 1786 pinxit
1162 1709 1253 1779 mire3
1269 1707 1398 1766 cantavit
1411 1704 1568 1764 nobiliter:
1585 1705 1636 1764 sed
1653 1729 1727 1767 nun·

102 1789 251 1851 bonarum
261 1796 369 1853 artium
379 1794 489 1853 videsis
501 1815 526 1852 c.
540 1792 683 1865 ti,unde
694 1811 758 1850 eum
773 1792 895 1850 Antoni·
943 1817 1060 1873 «mam
1083 1796 1142 1856 alic
1162 1797 1298 1867 conscio,
1322 1795 1380 1854 nisi
1397 1795 1499 1873 pueris
1514 1794 1575 1853 suis
1591 1795 1725 1857 testibus.

103 1899 211 1939 uorum
228 1883 433 1942 liberalitatem
451 1899 606 1960 superasse
623 1881 691 1958 jure
711 1880 867 1938 concludas
887 1899 893 1938 :
943 1883 1051 1944 «Vitas
1069 1884 1240 1962 Principum
1264 1884 1411 1942 bonorum
1437 1881 1571 1941 versibus
1597 1885 1725 1962 scripsit.

106 1969 320 2044 «rhetoribus,
346 1971 559 2048 grammaticis,
589 1969 728 2040 medicis,
761 1969 895 2046 haruspi-
944 1994 956 2019 α
975 1967 1067 2047 Lyra,
1080 1970 1169 2048 tibia,
1185 1992 1296 2048 organo
1306 1969 1433 2030 cecinits
1450 1969 1519 2028 tuba
1531 1970 1634 2044 etiam,
1648 1973 1727 2049 quod

107 2082 121 2108 ι
142 2057 236 2130 cibus,
248 2061 464 2129 mathematicis,
479 2059 664 2128 mechanicis,
676 2056 840 2116 architectis
850 2075 896 2114 sa·
944 2081 956 2108 s
975 2059 1093 2134 quidem
1106 2059 1267 2138 imperator
1280 2079 1430 2137 nunquam
1440 2057 1576 2120 ostendit.
1591 2057 1728 2120 Paiaestes

107 2172 121 2198 ι
139 2147 214 2206 laria
225 2149 352 2208 institutit
362 2161 392 2207 et
405 2147 553 2208 auditoria
564 2145 709 2216 decrevit,
725 2158 754 2203 et
766 2145 895 2222 discipu·
944 2171 956 2196 ι
973 2145 1088 2224 primus
1103 2148 1175 2220 firit,
1191 2148 1224 2207 in
1243 2148 1334 2206 armis
1346 2165 1487 2222 magnus,
1508 2146 1581 2206 adeo
1592 2159 1624 2206 ut
1638 2151 1729 2209 muita

107 2261 121 2287 s
138 2235 184 2294 los
197 2257 264 2296 eum
280 2239 405 2296 annonis
417 2254 580 2316 pauperum
601 2234 692 2305 lilios,
708 2235 797 2290 modo
812 2235 896 2309 inge·
944 2260 956 2286 ι
974 2233 1053 2293 bella
1064 2249 1092 2294 et
1106 2235 1377 2314 gloriosesgesserit.
1393 2263 1405 2288 υ
1424 2235 1468 2293 En
1482 2236 1579 2295 virum
1590 2238 1729 2300 omnibus

106 2351 121 2374 ι
139 2344 224 2399 nuos,
234 2325 298 2384 dari
305 2323 405 2403 jussit.
416 2323 720 2402 Etiaminprovinciis
729 2320 896 2380 oratoribus
941 2323 978 2382 iis
992 2323 1077 2383 donis
1088 2325 1169 2402 large
1180 2338 1313 2384 ornatum
1321 2367 1330 2396 ,
1344 2343 1409 2402 quae
1423 2344 1460 2383 ex
1474 2325 1561 2384 bonis
1576 2329 1729 2388 constella-

106 2439 121 2464 «
141 2413 306 2472 forensibus
319 2413 444 2471 multum
458 2411 573 2484 detulit,
586 2410 732 2488 plerisque
741 2411 826 2466 etiam
841 2427 894 2466 an·
941 2411 1071 2472 tionibus
1083 2413 1163 2472 nasci
1178 2411 1283 2472 Noster
1294 2413 1386 2471 variis
1399 2413 1471 2470 locis
1483 2415 1682 2488 enumeravit,
1697 2431 1729 2476 ut

107 2529 122 2552 ι
140 2522 233 2559 nonas
247 2501 343 2574 dedit,
363 2521 438 2578 quos
457 2499 635 2558 constitisset
652 2497 742 2574 gratis
757 2516 853 2573 agere.
880 2523 892 2549 s
941 2499 1036 2572 facile,
1048 2519 1262 2580 quamcumque
1281 2500 1376 2560 dotem
1399 2497 1567 2560 Aleitaudrc
1590 2503 1730 2564 adscribit

104 2592 272 2647 Mechauici
284 2591 393 2648 diserte
412 2599 613 2647 memorantur
624 2584 731 2644 Nostro
742 2583 797 2660 vt,
815 2593 868 2654 ios
885 2605 892 2642 :
941 2587 1089 2649 Romanus
1098 2589 1270 2662 historicus,
1281 2607 1344 2648 eam
1356 2608 1415 2647 uno
1426 2601 1476 2647 aut
1486 2587 1623 2668 phuribus
1634 2589 1729 2651 Graeci

940 2678 1135 2739 mathematici
1144 2676 1282 2738 versibus
1293 2677 1457 2755 exprimere
1470 2675 1577 2756 possis.
1594 2677 1628 2736 Et
1640 2679 1730 2740 habes

167 2734 739 2802 memmm’
940 2768 1082 2826 rationem
1095 2766 1731 2845 gravissimam,quaeauctoremmanuscri-

102 2861 402 2938 etmechauicaopera
410 2857 896 2936 RomoeplruimaiustituitMexan-
940 2851 1068 2914 bendum
1078 2875 1195 2916 carmen
1205 2855 1414 2931 astrologicum
1423 2855 1729 2935 compellerepoterat.

102 2949 158 3007 der
172 2948 332 3008 mundum
344 2970 369 3008 e.
383 2969 431 3006 aa.
442 2980 482 2993 -
493 2947 568 3006 Sunt
576 2947 663 3006 etiam
675 2945 817 3023 quadam,
831 2965 896 3021 quae
939 2944 1090 3002 Neautem
1102 2945 1193 3004 nimis
1207 2945 1341 3015 mireris,
1353 2943 1432 3021 quod
1445 2941 1648 3020 Oppiauorum
1661 2947 1731 3006 satis

104 3037 237 3097 nondum
258 3037 499 3098 memoravimus.
512 3035 606 3094 Poeta
619 3033 665 3106 11,
682 3033 739 3091 305
756 3031 897 3106 falsarios
941 3051 1042 3091 recens
1054 3034 1221 3112 exemplum
1230 3031 1403 3108 dedignatus
1416 3049 1492 3108 opus
1506 3050 1591 3089 suum
1604 3031 1731 3111 impera-

104 3138 258 3198 ruemorat,
269 3123 362 3198 ervi,
375 3127 432 3185 500
444 3144 511 3201 sqq.
515 3123 601 3198 fimes
609 3135 639 3182 et
649 3127 770 3180 mounes
783 3122 894 3197 gravis-
940 3121 999 3180 tori
1011 3141 1072 3181 suae
1083 3122 1154 3180 artis
1165 3121 1262 3200 perito
1271 3133 1398 3199 patrono
1408 3118 1545 3178 dedicare
1556 3120 1730 3181 noluerit-

103 3218 179 3272 simo
192 3235 258 3272 cum
270 3216 401 3273 cruciatu
414 3227 541 3280 enectos.
555 3211 621 3270 Jam
632 3213 740 3269 mirum
752 3209 893 3287 proiecto,
941 3229 1115 3289 quamquam
1134 3230 1171 3269 ne
1182 3229 1257 3289 opus
1271 3210 1390 3288 quidem
1405 3222 1449 3267 est
1465 3208 1502 3266 ad
1516 3207 1662 3286 ejusmodi
1676 3215 1731 3269 mi-

103 3305 185 3382 quod
199 3325 304 3381 msgm
316 3303 448 3382 emphasi
462 3324 489 3362 c.
506 3302 545 3360 ab
556 3301 593 3361 de
606 3299 772 3360 Alexandro
793 3319 895 3357 narra-
941 3300 1083 3358 rationem
1097 3298 1273 3376 respondere
1289 3329 1338 3375 -,
1354 3296 1514 3376 respondet
1526 3309 1623 3358 mmen
1636 3298 1730 3358 histo-

104 3407 154 3452 tur
177 3415 184 3450 ι
205 3419 218 3446 ι
234 3392 443 3452 Seuerissimus
459 3389 547 3450 'udex
569 3388 772 3462 contrasures,
793 3388 895 3466 appel·
942 3388 1021 3447 ricus
1042 3409 1069 3449 c.
1094 3391 1146 3461 18,
1169 3407 1256 3467 quam
1272 3385 1457 3459 acerbeille‚
1472 3385 1580 3465 siquis
1601 3390 1731 3447 bhrtdius

107 3509 121 3534 a
138 3483 203 3541 lans
219 3485 336 3540 eosdem
355 3411 595 3558 quotidianorum
609 3479 750 3536 scelerum
765 3495 850 3546 reos,
868 3485 896 3531 et
940 3481 1051 3552 aliquid
1058 3481 1188 3546 dicisset,
1202 3476 1250 3536 vel
1272 3475 1453 3535 adulationis
1468 3473 1603 3534 umbram
1617 3495 1731 3555 repres-

108 3597 120 3622 s
137 3570 278 3629 damnans
289 3571 441 3640 acerrime,
453 3587 487 3626 ac
499 3567 577 3625 solos
590 3566 690 3624 hostes
700 3563 896 3641 inimicosque
941 3565 1027 3638 serit,
1044 3577 1177 3624 accnratc
1191 3581 1324 3626 narrum.

108 3685 121 3710 ι
139 3657 310 3737 reipublice
323 3677 444 3716 vocans.
458 3654 531 3714 Eum
544 3654 689 3712 notarium
699 3663 710 3723 ,’
720 3653 771 3730 qni
781 3653 894 3724 fabum
981 3655 1018 3710 ht
1031 3654 1110 3713 enim
1121 3642 1178 3712 boc
1192 3655 1308 3732 ipsum,
1320 3651 1401 3730 quod
1419 3651 1508 3710 modo
1521 3651 1677 3711 attulimus
1686 3665 1728 3712 tc-

108 3771 121 3798 ι
139 3765 233 3804 causae
243 3749 350 3803 breuem
360 3747 393 3804 in
405 3743 531 3802 consilio
541 3741 726 3818 imperatoris
738 3741 893 3814 retulisset,
941 3743 1126 3814 stimonium,
1138 3741 1320 3802 contrarium
1334 3759 1399 3800 esse
1412 3740 1531 3800 videtur
1546 3739 1620 3819 ipsis
1638 3754 1732 3820 poetas

108 3861 121 3886 ι
139 3835 241 3892 incisis
252 3834 410 3910 digitorum
422 3831 534 3908 nervis,
543 3832 584 3888 ita
594 3843 628 3888 ut
638 3848 787 3906 uunquam
798 3845 895 3909 posset
940 3829 1057 3903 verbis,
1072 3829 1182 3908 quibus
1192 3829 1245 3888 ille
1256 3848 1293 3888 ex
1306 3827 1416 3908 Heynii
1430 3831 1573 3889 sententia
1584 3848 1675 3907 supra
1688 3831 1730 3890 al-

108 3949 121 3974 «
139 3921 280 3994 seribere,
289 3921 465 4002 deportavit.
477 3918 592 3977 »Porro
603 3917 680 3995 apud
690 3917 825 3975 Nostrum
839 3917 894 3994 111,
908 3953 911 3958 -
941 3917 999 3977 lata
1006 3919 1061 3992 vt,
1078 3920 1135 3993 734
1152 3938 1218 3996 sqq.
1236 3916 1272 3975 ad
1288 3915 1383 3976 edicta
1404 3919 1615 3996 imperatorum
1626 3931 1730 3978 oonua

108 4031 177 4084 127,
195 4010 277 4070 Luna
289 4011 323 4070 in
336 4008 557 4070 constellatione
568 4005 694 4084 quadam
707 4003 816 4086 δώτιιρα
831 4029 894 4063 κευ-
940 4007 1158 4080 Mathematicos
1171 4005 1305 4066 allusisse
1318 4006 1484 4066 videbatur.
1497 4004 1638 4064 Consulto
1651 4005 1730 4068 bunc

105 4099 225 4174 tcps'scm
245 4097 360 4158 abcissa
376 4097 549 4177 appellatur.
571 4095 637 4153 Jam
663 4113 822 4171 cognoscas
836 4095 894 4153 im·
940 4098 1035 4154 locum
1046 4097 1209 4155 accuratius
1218 4094 1399 4154 tracmndum
1407 4093 1465 4153 huc
1477 4093 1637 4166 reservavi3
1649 4113 1729 4162 nam,

104 4188 250 4264 peratoris
270 4186 494 4260 liberalitatem,
516 4205 574 4263 qua
595 4183 741 4262 ejusmodi
764 4182 895 4242 Hermaea
941 4184 966 4241 si
987 4203 1024 4241 ex
1038 4204 1073 4243 eo
1087 4203 1205 4263 quoque
1223 4181 1399 4260 conjecture
1415 4195 1523 4240 nostrae
1533 4180 1571 4238 de
1584 4191 1728 4259 tempore,

105 4272 222 4335 demum
238 4277 323 4336 utilia
340 4274 519 4348 evadebant,
535 4295 559 4334 c.
577 4275 614 4343 46
632 4295 639 4331 :
657 4299 670 4325 ι
685 4271 836 4331 thesauros
850 4294 894 4331 re·
940 4292 1000 4349 quo
1013 4293 1129 4333 carmen
1140 4273 1282 4349 scripmm
1294 4270 1349 4344 sit,
1360 4268 1474 4348 aliquid
1483 4268 1656 4327 adminiculi
1664 4269 1730 4330 sub·

106 4380 204 4444 pertos
218 4366 271 4437 iis,
282 4367 334 4444 qui
348 4376 530 4444 repererant,
544 4363 675 4424 donavit.
692 4388 706 4415 ι
718 4360 893 4421 -Possum
937 4359 993 4438 jici
1011 4365 1151 4441 potuerit,
1172 4361 1266 4436 magis
1278 4357 1365 4417 etiam
1384 4377 1401 4416 a
1417 4356 1588 4415 temeritatis
1607 4359 1730 4417 crimine

106 4455 190 4534 piura
204 4453 325 4527 afferre,
343 4467 391 4527 nt,
408 4473 473 4530 quae
490 4474 517 4512 c.
540 4453 576 4510 16
587 4452 624 4512 de
637 4456 809 4528 jurisperitis
822 4451 895 4509 asfe-
941 4463 1067 4509 remotos
1088 4470 1141 4509 nos
1156 4449 1220 4508 iore
1232 4466 1394 4528 speramus.
1410 4448 1452 4504 hc
1469 4447 1598 4524 primum
1610 4446 1729 4522 quidem

107 4559 221 4618 runtnr,
237 4563 363 4622 quorum
376 4563 443 4604 cum
455 4543 581 4602 consilio
594 4542 815 4601 constitutiones
828 4561 895 4602 suas
940 4542 1044 4600 vellem
1060 4539 1109 4597 vir
1122 4555 1254 4597 summus
1271 4550 1321 4596 aut
1336 4553 1438 4594 eorum
1450 4531 1573 4609 aliquis,
1594 4532 1645 4610 qui
1665 4533 1730 4612 ejus

107 4635 280 4704 sacraverit,
294 4647 323 4692 ct
335 4654 400 4712 quse
413 4655 440 4692 c.
457 4654 496 4711 29
506 4632 542 4692 de
552 4639 651 4689 amicis
664 4632 772 4690 sancus
786 4643 815 4688 et
829 4632 896 4690 fide·
941 4629 1113 4689 sententiam
1135 4625 1348 4705 repetivenmt,
1371 4621 1480 4681 elarius
1501 4620 1673 4695 indicasset,
1693 4623 1729 4681 ad

105 4723 200 4796 iibus,
214 4743 269 4802 per
281 4743 354 4801 quos
366 4735 394 4782 et
405 4741 452 4781 res
466 4721 587 4781 bellicas
598 4734 627 4779 et
640 4719 742 4778 civiles
754 4730 894 4778 tractme·
940 4719 1093 4798 eujusuam
1105 4715 1291 4794 imperatoris
1305 4713 1430 4772 edictum
1447 4723 1561 4789 poetam
1578 4709 1728 4788 allusisse,

108 4814 159 4884 rit,
175 4825 205 4871 et
219 4832 323 4890 quac.
341 4812 376 4869 35
389 4824 419 4869 et
431 4811 468 4868 36
480 4811 518 4870 de
526 4812 753 4888 procacioribus
765 4820 794 4865 et
807 4817 894 4867 ratio·
939 4809 970 4866 h.
990 4827 1016 4869 e.
1033 4805 1186 4885 cujusnam
1205 4801 1392 4882 imperatoris
1412 4797 1596 4878 temporibus
1617 4799 1729 4858 vixisse

107 4904 227 4971 auibus,
243 4900 572 4976 quosilieseverissime
582 4898 742 4973 etelegerit
752 4908 781 4954 et
794 4897 893 4956 obser·
940 4910 1053 4976 poetam
1069 4907 1207 4954 censeret.
1217 4891 1289 4950 Nam
1299 4892 1337 4949 de
1348 4887 1512 4967 genereillo
1523 4889 1666 4945 homiuum
1673 4911 1728 4965 po·

108 4991 236 5063 vaserit,
248 5001 281 5048 ut
292 4989 511 5048 meminerimus
522 4988 798 5064 locorumsupraex
809 5001 894 5064 pocta
939 4986 1055 5055 mumius
1069 4985 1168 5060 infido,
1192 4982 1368 5070 sperantibus
1379 4976 1495 5051 fadaer
1519 4995 1589 5036 vere
1609 4978 1727 5051 evenit,

106 5081 141 5136 de
153 5080 200 5137 his
213 5077 385 5136 hominibus
401 5078 572 5149 allatorum3
584 5076 663 5154 qnod
680 5097 706 5136 c.
719 5085 756 5145 at,
770 5080 893 5133 escleto·
939 5075 1018 5154 quod
1028 5075 1144 5133 Tacitus
1152 5071 1215 5151 jam
1225 5069 1365 5150 predixit
1377 5067 1453 5128 Hist.
1467 5065 1497 5138 l,
1511 5087 1560 5140 aa,
1576 5066 1608 5124 id
1622 5066 1653 5124 in
1664 5073 1728 5124 civi·

105 5189 174 5237 mm,
194 5165 335 5245 quctille
347 5167 494 5226 vetiturus
506 5177 583 5238 erat,
596 5185 623 5223 c.
637 5165 886 5234 assecutorem,
939 5178 996 5222 tate
1019 5163 1150 5221 Romana
1164 5174 1194 5220 et
1211 5166 1327 5217 uetimm
1349 5177 1461 5234 semper
1476 5169 1506 5214 et
1524 5169 1658 5212 remumm
1675 5154 1725 5215 iri.

106 5255 292 5336 qnosahrmo
298 5256 453 5316 vendendo
459 5255 624 5333 prohibuit,
630 5255 740 5315 mentio
746 5253 893 5331 injicitur,
938 5251 1016 5323 Quid
1029 5251 1128 5329 quod,
1149 5262 1183 5310 ut
1195 5247 1297 5328 priora
1318 5245 1413 5308 edicta
1427 5259 1554 5322 taceam,
1569 5241 1727 5322 dequibus
