4012 6060
360 585 422 666 γαίῃ
437 587 483 648 καί
498 583 631 657 πολίεσσι,
643 583 689 643 καί
699 581 841 666 εὐθήροισιν
856 587 962 653 ἀοιδαῖς.

399 677 425 735 Τ
426 671 563 755 ριχθαδίην
576 672 657 754 θήρην
670 669 725 738 θεδς
739 670 844 730 ὤπασεν
856 672 1039 754 ἀνθρώποισιν,

353 757 451 843 ’ήερίην
461 760 566 842 χθονίην
583 783 612 819 τε
623 759 669 818 καί
681 757 795 832 εἰναλίην
812 762 823 818 ἐ
841 761 953 832 ατεινήν·

360 849 418 908 ἀλλ’
429 851 478 908 οὐκ
486 839 545 915 ’ίσος
555 846 652 914 ἄεθλος·
667 845 723 905 ίπεί
735 845 812 906 πόθεν
820 783 868 905 ίσα
882 847 1016 922 τέτυκται,

315 961 340 998 ra
361 937 434 1019 ἰχθίνν
445 935 605 1018 ἀσπαίροντα
623 939 707 1016 βυθῶν
721 934 941 1015 ἀπομηρύσασθαι

358 1027 404 1086 καί
417 1023 527 1092 ταναοθς
537 1023 638 1107 όρνιθας
652 1023 698 1083 ἀπ’
708 1021 784 1104 ἠέρος
798 1025 963 1106 είρύσασθαι,

358 1113 375 1186 ή
388 1113 464 1195 θηρσί
477 1111 600 1195 φονίοισιν
615 1115 641 1170 έν
653 1110 739 1194 οὔρεσι
754 1111 922 1192 δηρίσασθαιί

359 1205 399 1262 Οὐ
413 1199 460 1279 μίν
474 1200 515 1281 ἀρ’
527 1199 580 1259 οὐδ’
594 1199 683 1272 altit,
697 1199 742 1259 καί
752 1201 811 1273 οὐκ,
826 1199 894 1274 ἐτὸς,
906 1201 1017 1284 tiens-irps

358 1289 426 1373 ἄγρη
438 1287 514 1371 νόσφι
524 1287 621 1348 πόνοιο·
632 1287 704 1370 πόνῳ
719 1289 740 1348 δ’
756 1288 812 1366 ἅμα
823 1288 910 1372 τέρψις
921 1293 1014 1365 ὀπηδεῖ

313 1401 340 1440 aa
361 1378 458 1457 μούνη,
475 1377 521 1438 καί
533 1375 608 1460 φόνος
620 1375 698 1444 ούτις·
712 1377 869 1455 ἀναίμακτοι
881 1378 908 1438 δὲ
921 1377 1051 1440 πέλονται.

356 1467 436 1528 Ἤτοι
447 1465 519 1546 ὁμέν
529 1464 654 1546 πέτρῃσιν
669 1465 795 1548 ἐφήμενος
810 1467 978 1546 ἀγχιάλοισι,

357 1555 492 1637 γυραλίοις
503 1553 641 1614 δονάκεσσι
654 1552 700 1612 καί
712 1555 874 1635 άγκίστροισι
889 1557 1016 1635 δαφοινοῖς

357 1644 469 1726 ἄτρομος
482 1641 626 1709 ἀσπαλιεθς
637 1641 782 1712 ἐπεδήσατο
797 1642 918 1702 δαίδαλον
933 1642 1015 1724 ἰχθύν·

356 1731 478 1815 τερπωλή
497 1732 529 1805 δ’,
541 1730 584 1790 ὅτε
595 1733 696 1810 χαλκοῦ
708 1730 772 1788 ίιπαί
786 1729 903 1810 γενύεσσι
918 1731 1031 1812 τορήσας

311 1843 337 1882 ur
358 1821 403 1902 θψι
421 1819 494 1899 μάλα
506 1817 656 1901 θρώσκοντα
670 1822 753 1898 βυθῶν
768 1817 832 1900 ύπερ
845 1820 1007 1902 ἀσπαίροντα

357 1911 467 1970 εἰνάλιον
479 1911 588 1992 φορέῃσι
599 1908 632 1968 δι’
642 1908 718 1988 ήέρος
729 1911 889 1988 θρχηστῆρα.

355 1998 410 2060 Ναί
422 1998 475 2077 μήν
490 1997 601 2079 ίξευτῆρι
614 1995 691 2062 πόνος
701 1994 805 2075 γλυκύς·
819 1987 836 2069 ἦ
848 1995 899 2078 γὰρ
917 2001 959 2056 ἐπ’
973 1999 1055 2082 ἄγρην

353 2089 403 2146 οὐκ
418 2086 475 2167 ἄορ,
489 2087 518 2144 ού
531 2082 671 2166 δρεπάνην,
687 2085 716 2142 οὐ
731 2082 834 2163 χάλκεα
851 2087 930 2166 δοῦρα
945 2087 1080 2168 φέρονται,

356 2176 414 2234 ἀλλ’
428 2176 515 2240 αὐτοῖς
527 2171 573 2232 ἐπί
584 2169 671 2253 δρυμδι
682 2171 841 2254 συνέμπορος
855 2173 949 2234 ἕσπετο
963 2176 1062 2257 κίρκος,

308 2283 335 2324 ca
354 2261 401 2323 καί
414 2260 518 2342 δολιχαί
531 2259 673 2340 θώμιγγος,
690 2257 765 2339 ὑγρός
778 2283 806 2319 τε
822 2261 958 2342 μελίχροος
971 2264 1034 2338 ἰξὸς,

351 2350 378 2410 οί
387 2373 417 2410 τε
429 2349 543 2432 διηερίην
555 2348 659 2416 δόνακες
671 2346 809 2406 πατέουσιν
821 2350 948 2431 ἀταρπόν.

354 2437 402 2507 Τίς
413 2437 476 2498 τάδε
488 2437 642 2515 τολμήσειεν
655 2435 749 2494 ἀείδειν
762 2435 934 2512 ίσοτάλαντα,

355 2526 372 2599 ἢ
387 2528 495 2607 βασιλήιΙ
505 2524 591 2585 λέοντι
604 2525 643 2592 τίς
657 2515 743 2583 αἰετδν
757 2524 938 2605 ἀντιόάλοιτογ

356 2617 386 2695 ίῷ
400 2612 549 2696 παρδαλίων
565 2611 593 2671 δέ
603 2611 642 2677 τίς
654 2611 686 2671 ἀν
701 2611 828 2694 μύραιναν
839 2608 934 2687 ἐίσκοις

308 2719 334 2760 to
354 2700 372 2773 ἢ
386 2705 454 2769 θῶας
465 2698 603 2784 κίρκοις,ή
619 2699 787 2782 ρινοκέρωτας
798 2700 907 2782 ἐχίνοις,

352 2786 370 2860 ἢ
384 2789 464 2871 λάρον
476 2789 622 2874 αίγάγροις,
636 2787 653 2860 ἣ
665 2787 747 2859 κήτεα
758 2788 835 2847 πάντ’
850 2789 982 2871 stipasse

352 2880 497 2958 Θηρητῆρε
509 2875 603 2943 λύκους
616 2875 719 2947 ὄλεσαν,
733 2874 836 2944 θύννους
850 2879 947 2951 ἁλιῆες·

352 2968 510 3047 ἀγρευτῆρες
521 2963 573 3038 dra,
587 2963 722 3046 τρήρωνας
736 2963 794 3023 ἕλον
808 2967 940 3038 δονακῆες·

352 3053 448 3132 ἄρκτον
459 3057 618 3134 ἐπακτῆρες,
633 3053 679 3112 καί
694 3052 827 3133 μορμύλον
844 3055 996 3128 άοπαλιῆες·

304 3161 331 3202 το
350 3140 433 3222 τίγριν
445 3141 467 3199 δ’
478 3144 589 3212 ἱππῆες,
603 3139 649 3199 καί
662 3140 794 3222 τριγλίδας
811 3141 971 3220 ίχθυόολῆες·

350 3231 459 3312 κάπριον
472 3232 637 3310 ίχνευτῆρες,
653 3228 764 3300 ἀηδόνας
778 3227 914 3309 ίξευτῆρες.

350 3317 430 3379 Ἀλλά
442 3317 474 3377 σύ
487 3341 545 3395 μοι,
557 3320 661 3398 Νηρεῶ,
675 3317 721 3376 καί
734 3315 853 3394 δαίμονες
868 3318 1049 3401 Ἀμφιτρίτης,

348 3406 395 3480 ἠδέ
409 3405 561 3489 φιλορνίθων
575 3406 700 3487 Δρυάδων
715 3405 806 3487 χορδς,
818 3405 941 3478 ίλήκοιτε·

337 3485 380 3566 Ιδή
392 3494 443 3576 γδρ
454 3494 645 3576 ἐπιστροφάδην
659 3519 691 3572 με
704 3493 778 3576 φίλαι
791 3494 929 3557 καλέουσιν
939 3499 1033 3558 ἀοιδαί·

302 3605 329 3642 so
348 3582 456 3661 δαίμοσι
469 3581 634 3663 θηροφόνοισι
649 3582 824 3663 παλίντροπος
840 3583 931 3665 ἔρχομ’
946 3587 1050 3649 ἀείσων.

388 3673 488 3752 Πρῶτοι
501 3668 549 3748 μέν
564 3670 650 3742 αἰζηοί
664 3671 701 3748 μή
717 3695 762 3749 μοι
773 3671 847 3749 μάλα
861 3673 945 3741 πίονες
957 3674 1047 3734 ἔστων·

347 3751 366 3832 ή
379 3759 430 3841 γάρ
441 3781 482 3818 τοι
493 3754 645 3818 σκοπέλοισι
656 3763 738 3838 θορεῖν
752 3758 798 3834 μὲν
809 3759 948 3841 ὑπείροχον
961 3762 1041 3822 ίππον

346 3845 428 3928 χρειὼ
442 3845 588 3925 ἀναγκαίη,
601 3847 682 3928 χρειὼ
697 3849 720 3906 δ’
735 3847 787 3929 ἄρα
801 3847 898 3930 τάφρον
913 3849 1031 3912 ἁλέσθαι.

347 3935 450 4008 Δηθάκι
463 3935 485 3993 δ’
497 3937 524 3993 έν
541 3936 675 4015 δρυμοῖσιν
691 3934 792 4013 ἀνάγκη
806 3940 872 4015 θῆρα
885 3935 983 3995 δίεσθαι

300 4044 326 4082 aa
346 4023 440 4082 ποσσίν
455 4022 626 4103 έλαφρίζοντα
640 4022 686 4081 καί
700 4022 831 4105 εύφόρτοις
846 4023 975 4101 μελέεσσι.

346 4113 393 4193 Τῷ
409 4111 446 4190 μὴ
460 4110 563 4170 πιαλέοι
577 4111 657 4193 θήρης
669 4110 712 4169 ε’πί
725 4114 812 4188 μῶλον
825 4109 898 4184 ίοιεν,

347 4199 408 4277 μηδ’
421 4197 460 4257 έτι
471 4196 620 4257 λεπταλέον
635 4196 680 4256 καί
689 4197 742 4279 γάρ
755 4220 819 4256 ποτε
830 4197 984 4279 δηρίσασθαι

345 4285 435 4369 θηρσίν
451 4285 592 4345 ἐνυαλίοισι
605 4284 676 4365 χρεὼ
689 4287 840 4367 πολυαγρέα
852 4291 936 4368 φῶτα.

344 4373 462 4435 Τούνεκά
479 4396 524 4451 μοι
536 4371 618 4450 δέμας
630 4363 682 4431 bae
695 4373 888 4453 κερασσάμενοι
900 4376 1024 4458 φορέοιεν,

296 4480 324 4519 oo
345 4460 490 4544 ἀμφότερον
502 4459 626 4541 κραιπνόν
638 4483 667 4518 τε
677 4459 742 4518 θέειν
755 4461 878 4539 σθεναρόν
887 4487 916 4522 τε
926 4465 1068 4545 μάχεσθαι.

345 4549 400 4610 Καί
417 4549 439 4608 δ’
454 4549 505 4632 ἄρα
520 4547 634 4630 δεξιτερῇ
650 4546 698 4626 μὲν
713 4549 895 4631 έπικραδάοιεν
911 4553 1022 4622 ἄκοντας

343 4635 809 4719 ἀμφιδύμους,ταναοθς,δρεπάνηνδ’
816 4637 1068 4717 έπίμεσσόθιζόινης·

341 4725 387 4784 καί
401 4724 452 4806 γδιρ
465 4725 511 4786 καί
524 4724 632 4807 θήρεσσι
643 4724 736 4807 πικρὸν
751 4724 826 4807 φόνον
840 4727 998 4804 ίντύνοιντο,

342 4814 390 4873 καί
403 4837 431 4874 τε
448 4819 536 4874 κακῶν
549 4813 663 4898 φορέοιεν
676 4813 833 4895 ἀλεξητήρια
845 4821 946 4897 φωτῶν.

295 4922 322 4963 to
343 4905 414 4981 Λαιῇ
427 4901 455 4962 δὲ
467 4903 543 4974 πεζὸς
557 4902 604 4981 μέν
622 4903 681 4984 ἄγοι
695 4903 786 4976 κύνας,
801 4905 947 4980 ίππελάτης
961 4906 987 4966 δέ

304 5029 308 5038 -
341 4991 430 5050 ἵππων
448 4989 541 5052 ίθύνειε
553 4992 736 5074 κυόερνητῆρα
748 4991 865 5074 χαλινόν.

345 5079 503 5149 Εὗοταλέως
517 5079 544 5140 δὲ
557 5086 657 5162 χιτῶνα
671 5083 718 5141 καί
732 5085 768 5150 είς
781 5083 931 5163 ἐπιγουνίδα
945 5086 1029 5158 πήξας

342 5169 472 5249 ἑλκέσθω,
488 5168 622 5252 σφίγγοιτο
635 5171 657 5229 δ’
672 5171 825 5250 ἐπημοιόοῖς
839 5174 982 5250 τελαμῶσι.

342 5257 458 5338 Αὐχένος
471 5249 529 5317 πόθ’
543 5257 665 5340 ἑκάτερθε
678 5260 810 5341 παρήορον
823 5263 851 5320 έκ
865 5263 1015 5341 παλαμάων

827 455 1028 518 ΟΠΠΙΑΝΟΥ
1051 457 1322 519 transnatabit
1346 465 1379 521 Α.

1128 587 1199 637 tense
1213 591 1238 637 et
1248 587 1362 651 urbibus,
1374 589 1448 640 etiam
1458 592 1588 643 venatoriis
1598 593 1754 646 carminibus.
1993 490 1998 616 ί

1158 675 1284 738 Tripliocm
1293 679 1443 728 venationem
1455 683 1521 729 Deus
1533 681 1676 743 largitorest
1686 682 1862 745 bominibus,

1126 763 1228 825 aeriam,
1238 767 1423 830 terrestremque
1435 768 1587 818 etmarinam
1595 770 1733 831 iucundam.

1126 853 1217 901 verum
1226 866 1274 902 non
1286 857 1325 904 est
1334 855 1433 917 aequalis
1443 855 1518 906 labor.
1527 859 1589 908 Nam
1598 863 1728 922 qno-pacto
1737 863 1818 926 paria
1831 867 1934 917 esem.

1127 939 1216 1003 piscem
1228 941 1382 1005 palpitantem
1393 943 1567 1008 degorgitlbus
1578 949 1727 1012 protrahere,

1127 1032 1151 1077 et
1159 1029 1271 1079 erhnaas
1281 1042 1339 1080 ares
1348 1044 1378 1080 ex
1390 1045 1445 1082 aere
1455 1047 1552 1098 rapere,

1126 1120 1169 1166 aut
1179 1118 1303 1169 cum-teris
1312 1120 1419 1172 trucibus
1429 1121 1453 1172 in
1463 1124 1585 1174 montibus
1594 1123 1727 1178 decertaret

1126 1207 1297 1256 Verumtamen
1307 1221 1384 1272 neque
1393 1209 1520 1272 piscatori,
1531 1226 1620 1276 neque,
1630 1227 1725 1277 revera,
1734 1217 1837 1280 aucupi

1127 1295 1221 1344 venatio
1232 1299 1271 1344 eat
1282 1295 1375 1360 ubsque
1385 1297 1478 1360 labore;
1492 1300 1656 1353 laborientem
1665 1304 1736 1354 simul
1745 1305 1881 1370 voluptas
1892 1319 1932 1354 cn·

1127 1379 1233 1446 mitatnr]
1244 1384 1309 1445 scia,
1319 1389 1343 1434 et
1351 1386 1430 1436 caedes
1441 1387 1518 1450 nulla;
1529 1389 1659 1444 incruentae
1670 1405 1729 1443 vero
1737 1397 1809 1443 sunt.

1126 1470 1244 1542 Nimirum
1256 1473 1363 1535 scopulis
1372 1474 1477 1526 incidens
1487 1477 1631 1544 litoralibus,

1127 1557 1208 1606 curvis
1219 1561 1377 1611 arundinibus
1388 1567 1412 1612 et
1422 1563 1499 1614 hamis
1510 1565 1616 1616 musclis

1125 1645 1258 1709 intrepidus
1269 1649 1372 1711 piscator
1383 1651 1440 1712 ligat
1450 1651 1569 1702 dmdnlum
1580 1654 1685 1717 pisoem;

1125 1735 1237 1798 voluptas
1246 1739 1326 1786 autem
1334 1741 1385 1795 est,
1399 1753 1455 1790 curn
1463 1739 1517 1790 terri
1525 1753 1598 1804 super
1604 1745 1671 1805 genis
1680 1743 1777 1806 (namo)
1788 1747 1926 1796 confisum

1125 1821 1171 1872 nite
1181 1823 1312 1874 admodum
1322 1826 1445 1877 salientem
1455 1842 1527 1892 super
1535 1831 1665 1896 protunda,
1675 1833 1856 1896 palpitantem,

1124 1911 1242 1961 marinum
1249 1901 1311 1975 rapit
1320 1928 1363 1977 per
1371 1927 1450 1965 aerem
1458 1917 1595 1967 saltatorem
1604 1919 1728 1982 (placem).

1124 2001 1195 2048 certe
1203 2001 1275 2050 etiam
1282 2003 1369 2066 aucupi
1378 2003 1445 2054 labor
1451 2005 1633 2068 inconcusso
1641 2009 1747 2071 pmiecto
1755 2010 1827 2060 enim
1838 2013 1873 2060 ad
1884 2027 1923 2060 re

1124 2087 1554 2156 nationem]nonensem,nonlalcem,
1564 2109 1611 2144 non
1619 2098 1922 2160 naneavmabulaterrrnt,

1123 2176 1165 2225 sed
1177 2176 1240 2240 ipsos
1249 2178 1274 2226 in
1284 2179 1357 2228 silvas
1367 2193 1447 2230 comes
1457 2182 1566 2245 sequitur
1574 2184 1694 2246 accipiter,

1122 2267 1147 2311 et
1157 2263 1219 2326 longi
1229 2265 1320 2328 laquei,
1333 2265 1508 2332 humidamque
1518 2274 1543 2320 et
1551 2270 1639 2334 ilarum
1651 2272 1757 2334 viscum,

1122 2364 1224 2414 qumque
1233 2355 1373 2415 per-aeriam
1383 2358 1511 2408 arundines
1523 2359 1647 2410 ambulant
1655 2361 1726 2410 viarm

1122 2439 1182 2496 Quis
1191 2441 1243 2490 beo
1253 2444 1317 2492 ausit
1325 2457 1410 2495 canere
1420 2446 1535 2509 aequalia,

1121 2531 1163 2576 aut
1174 2529 1223 2590 regi
1235 2528 1297 2580 learnt
1309 2531 1364 2594 quis
1377 2533 1482 2595 aquilam
1492 2541 1636 2598 componat,

1121 2627 1176 2664 curn
1189 2629 1281 2666 veneno
1290 2623 1371 2668 autem
1385 2619 1513 2684 pardorum
1523 2623 1579 2685 quis
1587 2637 1718 2673 muraenam
1730 2628 1883 2688 contendat,

1121 2705 1163 2752 aut
1174 2703 1244 2754 tlroes
1254 2707 1488 2770 cum-accipitribus,
1505 2714 1547 2758 aut
1561 2711 1722 2761 rhinocerotes
1735 2716 1915 2776 cunreclrinis,

1121 2783 1163 2830 aut
1172 2781 1250 2830 larum
1259 2785 1577 2850 cum-caprissiivestribns,
1587 2793 1630 2838 aut
1638 2795 1691 2839 cete
1699 2794 1781 2840 omnia
1792 2807 1853 2842 euna
1863 2797 1914 2844 nle-

1121 2868 1209 2931 pirante
1214 2869 1234 2934 i]
1240 2874 1372 2922 venatores
1380 2873 1449 2936 lupos
1458 2876 1592 2938 perimunt,
1601 2877 1796 2928 thnnnnsoctam
1806 2883 1913 2944 pisseto·

1119 2954 1178 3020 rea]
1189 2959 1299 3020 captores
1307 2971 1379 3020 oves,
1391 2959 1516 3010 columbas
1531 2963 1630 3025 capiunt
1642 2965 1912 3028 qui-arundinibusarr·

1119 3041 1257 3106 cupantur,]
1268 3057 1350 3093 ursum
1361 3051 1551 3108 consectatores,
1563 3051 1588 3098 et
1599 3063 1748 3114 mormyrum
1759 3054 1894 3117 lranriolrn;

1119 3129 1230 3192 tigridem
1243 3145 1299 3180 reno
1310 3133 1416 3196 equites,
1426 3137 1451 3184 et
1460 3135 1548 3185 mullos
1555 3137 1716 3199 jaculatores:

1118 3231 1203 3282 aprum
1214 3220 1381 3282 vestigatores,
1395 3223 1509 3273 luscinias
1519 3225 1809 3292 quiriaco-aucupantur.

1118 3306 1165 3356 Sed
1175 3313 1201 3356 tu
1213 3307 1271 3357 milri
1277 3345 1285 3368 ,
1296 3312 1387 3371 Nereo,
1397 3312 1421 3359 et
1430 3312 1528 3362 numina
1537 3314 1623 3375 maris,

1118 3397 1142 3442 et
1153 3397 1350 3445 aves-amantium
1360 3398 1484 3460 Dryadum
1495 3405 1586 3462 cantus,
1597 3403 1770 3466 propitii-este,

1116 3482 1164 3543 jam
1176 3485 1240 3532 onim
1252 3483 1366 3533 aliorsum
1376 3499 1415 3535 me
1429 3492 1494 3547 grata
1505 3495 1591 3538 vocant
1602 3491 1720 3551 canusina,

1117 3569 1162 3618 diis
1173 3570 1276 3620 leriuidis
1285 3585 1394 3622 reversus
1406 3574 1476 3623 renio
1485 3577 1616 3626 multatum.

1147 3677 1264 3739 Principio
1273 3677 1370 3740 quidem
1378 3679 1478 3740 iuvenes
1490 3696 1519 3732 ne
1531 3683 1589 3733 mibi
1600 3685 1669 3736 valde
1678 3687 1743 3738 obesi
1754 3691 1819 3742 sint:

1116 3777 1219 3826 namque
1230 3765 1255 3814 in
1265 3767 1370 3828 scopulis
1379 3767 1470 3818 insilire
1478 3770 1594 3820 eximium
1604 3787 1694 3836 equum

1115 3855 1209 3915 oportet
1227 3855 1373 3916 nnoessario,
1393 3862 1487 3920 oportet
1501 3871 1558 3908 vero
1574 3861 1647 3912 etiam
1659 3863 1747 3914 fossam
1760 3869 1907 3934 salluanw-

1117 3941 1187 4005 rare]
1200 3947 1267 4005 sape
1276 3957 1374 4006 quoque
1387 3946 1411 3994 in
1423 3947 1526 3997 saltibus
1537 3955 1682 4003 necesseest
1692 3954 1766 4005 teram
1776 3963 1906 4022 persequi,

1115 4029 1217 4091 pedibus
1226 4032 1365 4093 expeditum
1376 4035 1401 4083 et
1411 4035 1512 4098 agilibus
1522 4039 1644 4089 rnemhn's.

1115 4121 1264 4181 Quapropter
1273 4133 1303 4169 ne
1311 4121 1377 4170 obesi
1388 4123 1520 4174 venationis
1531 4139 1635 4191 pugnam
1647 4129 1747 4192 adeant,

1115 4219 1191 4268 neque
1202 4197 1275 4256 etiarn
1285 4207 1419 4271 macilenti;
1430 4224 1486 4259 nam
1498 4213 1617 4264 interdum
1629 4216 1749 4268 decertare

1114 4295 1235 4344 cum-ieris
1248 4297 1338 4346 martiis
1351 4301 1445 4361 oportet
1456 4302 1734 4356 venationis-studiosum
1747 4309 1833 4359 vinam.

1113 4385 1196 4446 ltaque
1204 4385 1263 4433 milri
1272 4399 1360 4448 corpus
1368 4387 1401 4436 ita
1410 4390 1536 4451 temperati
1546 4391 1634 4454 ierant,

1113 4471 1185 4522 simul
1195 4477 1219 4520 et
1230 4474 1289 4534 agile
1296 4475 1482 4526 ad-ourrendurn
1491 4483 1516 4526 et
1525 4479 1650 4532 robustum
1660 4483 1862 4538 addimlcanrlrnn

1114 4563 1144 4611 nt
1155 4575 1212 4610 sane
1221 4562 1304 4614 dextra
1315 4564 1412 4626 quidem
1423 4565 1518 4616 vibrent
1527 4567 1626 4630 sagittas

1112 4649 1232 4710 geminas,
1243 4650 1337 4712 longas,
1350 4651 1482 4716 taiocmque
1492 4654 1516 4704 in
1526 4657 1607 4706 medio
1615 4671 1685 4708 zonae
1697 4659 1827 4718 bubrnnlr

1112 4743 1201 4792 etenim
1214 4746 1253 4792 ito
1267 4748 1291 4792 et
1304 4745 1360 4794 teris
1370 4745 1478 4795 acerbam
1490 4752 1593 4798 mortem
1604 4752 1754 4813 pamven'nt,

1112 4833 1136 4880 et
1145 4830 1393 4908 adversus-improbos
1405 4836 1520 4896 gestarint
1529 4838 1737 4889 arma-defensoria
1750 4841 1823 4891 siros.
1833 4843 1847 4864 '

1111 4919 1211 4970 Sinistra
1222 4934 1280 4970 aero
1292 4921 1364 4983 pedes
1373 4923 1471 4984 quidem
1480 4923 1552 4974 durat
1561 4937 1646 4988 canes,
1659 4941 1733 4990 equos
1742 4933 1822 4979 autem

1110 5022 1226 5070 equorum
1237 5009 1353 5071 gubernet
1362 5011 1532 5062 moderatrices
1542 5014 1655 5064 lrabenas.

1111 5103 1171 5158 apte
1182 5110 1278 5159 quoquae
1290 5098 1396 5147 tunicam
1405 5103 1429 5148 et
1439 5099 1639 5164 adgenuansque
1648 5104 1793 5154 succinctam

1088 5178 1091 5241 ξ
1110 5185 1202 5244 trabat,
1213 5191 1367 5248 crescuntque
1378 5186 1552 5238 alternantibus
1564 5189 1630 5240 loris.

1110 5273 1171 5323 cotti
1182 5286 1253 5337 porro
1263 5275 1479 5336 abutraqncparte
1491 5290 1631 5340 arrapensam
1641 5279 1754 5331 machaa
