4066 6038
297 419 334 470 ⁵²
792 405 992 466 ΟΠΠΙΑΝΟΥ
1019 399 1256 461 ΑΛΙΕΥΤΙΚΩΝ
1277 401 1312 458 Α.

310 559 350 600 sto
360 536 448 618 νύμφη
461 535 603 620 φυσιόωσα·
617 535 696 618 γάμῳ
708 535 730 596 δ’
744 536 968 616 έπιγηθιίσαντες,

357 631 375 699 ἢ
390 625 438 706 μλν
450 625 512 693 ἀλθς
519 624 599 684 πάλιν
609 617 659 684 εἰσι
671 625 728 701 μετ’
742 625 816 697 ἤθεα,
829 625 872 684 τὸν
887 624 909 683 δ’
924 623 967 682 set
979 621 1075 703 χέρσον

357 713 432 782 ὁλκὸς
446 713 513 791 ἄγει,
525 714 631 796 κρυερὸν
645 713 672 772 δέ
685 712 763 771 πάλιν
777 710 951 792 μεταχεύεται
965 711 1002 770 ἰὸν

357 801 477 874 λάπτων,
488 801 517 861 δν
531 802 613 884 πάρος
626 793 674 874 ἧκε
689 799 734 860 καί
750 799 892 882 ἐξείρυσσαν
906 798 1027 860 ὀδόντων.

356 887 410 951 *llo
424 890 446 949 δ’
461 889 513 971 ἄρα
522 888 559 968 μή
571 913 597 947 τι
610 889 672 969 κίχῃ
688 897 769 947 κεῖνον
784 889 872 969 χόλον,
888 886 965 967 όνπερ
978 885 1078 958 ὁδίτης,

309 1000 350 1041 ατε
361 976 490 1060 ἀτρεκέως
501 976 593 1036 ἐσιδών
608 999 661 1055 μιν,
673 974 819 1036 ἀπέκλυοεν
840 975 915 1035 ύδατι
926 975 1032 1055 λάόριρ,

359 1065 443 1148 αὗτδρ
454 1065 492 1147 ὅγ’
507 1065 646 1145 ἀσχαλόων
660 1065 744 1147 ῥίπτει
760 1065 858 1144 δέμας,
872 1062 956 1124 εἰσόκε
969 1071 1063 1143 μοῖραν

360 1153 508 1232 λευγαλέοιο
521 1153 634 1232 λάθῃσιν
649 1148 777 1213 ἀνωίοτου
792 1153 926 1225 θανάτοιο,

361 1242 510 1320 αἰδόμενος,
525 1239 563 1299 ὅτ’
575 1239 683 1308 ἄναλκις
696 1238 785 1300 ὀπλων
798 1240 889 1319 γένεθ’,
901 1233 938 1307 οἷς
949 1237 1080 1298 ἐπεποίθει

359 1330 452 1408 έμμεν’
465 1329 534 1412 ὀφις,
549 1328 632 1410 πέτρῃ
643 1326 671 1387 δέ
685 1329 814 1388 συνώλεσε
825 1328 872 1388 καί
883 1327 963 1405 δέμας
972 1330 1013 1407 ἰῷ.

310 1441 350 1482 εει)
400 1420 524 1501 Δελφῖνες
538 1418 560 1477 δ’
576 1418 712 1499 ἄνδρεσσιν
723 1421 794 1494 ὁμῶς
802 1417 888 1496 γάμον
903 1413 1058 1487 ἐντύνονται,

359 1505 445 1586 μήδεά
459 1508 483 1564 τ’
496 1503 663 1587 ἀνδρομέοισι
674 1505 817 1564 πανείκελα
833 1501 1013 1586 καρτύνανται·

358 1597 413 1655 οόδ’
428 1594 478 1654 uisi
488 1592 623 1676 προφανὴς
635 1591 713 1673 πόρος
725 1592 846 1675 ἄρσενος,
861 1590 930 1650 ἀλλά
945 1594 969 1649 οἰ
981 1589 1044 1649 εἴσω

363 1679 518 1764 κέκρυπται,
529 1679 628 1760 λεχέων
643 1679 670 1740 δὲ
687 1679 755 1739 κατίι
766 1679 843 1760 χρέος
855 1678 960 1738 ἕλκεται
972 1677 1030 1746 ἔξω.

399 1774 479 1831 Τοῖαι
493 1766 540 1848 μέν
552 1767 688 1850 φιλότητες
702 1773 728 1828 ἐν
743 1767 844 1849 ἰχθύσιν
858 1766 905 1839 ἠδέ
919 1766 964 1825 καὶ
979 1763 1060 1824 εθναί.

310 1877 349 1918 cst
358 1851 453 1925 Ἄλλος
467 1858 489 1915 δ’
504 1854 596 1934 ἀλλοίη
609 1853 709 1934 λεχέων
723 1854 852 1936 ἱμείρεται
866 1851 934 1934 ώρῃ,

359 1943 405 2006 καί
417 1941 646 2025 γενελνπροφέρει·
660 1945 712 2011 τοῖς
724 1941 772 2020 μέν
783 1942 870 2024 θέρος,
885 1934 936 2001 οἶσι
942 1940 968 2000 δὲ
975 1944 1071 2020 χεῖμα,

357 2037 412 2101 τοῖς
425 2032 449 2093 δ’
460 2031 536 2114 έαρῆ
551 2029 707 2112 φθινύθουσαι
718 2029 794 2090 τόκον
808 2027 954 2111 προύφηνεν
968 2027 1068 2109 ὀπώρη·

359 2121 406 2181 καί
418 2120 459 2180 rol
474 2119 521 2198 μέν
532 2117 679 2178 λυκάόαντι
690 2116 753 2196 μίαν
764 2118 887 2196 μογέουσι
900 2115 1024 2195 γενέθλην

359 2212 384 2270 οἱ
397 2209 529 2278 πλεῖστοι,
540 2203 643 2287 λάθραξ
664 2202 692 2263 δέ
706 2204 744 2271 δίς
756 2204 867 2284 ἄχθεται
878 2201 1032 2268 εἰλειθυίαις·

313 2319 353 2360 seo
365 2296 471 2379 τρίγλαι
482 2293 512 2355 δέ
523 2291 676 2375 τριγόνοισιν
687 2291 820 2369 ἐπώνυμοί
831 2293 882 2351 εἰσι
894 2294 993 2371 γονῇσε·
1026 2334 1034 2349 .

360 2382 482 2466 σκορπίος
493 2371 528 2441 αύ
542 2380 678 2463 τετόρεσσι
691 2377 763 2462 φέρει
778 2379 851 2459 βελος
861 2377 990 2438 ὠδίνεσσι·

359 2472 438 2532 πέντε
452 2469 480 2531 δέ
493 2468 638 2550 κυπρίνοισι
652 2467 727 2547 γοναὶ
740 2464 870 2545 μούνοισιν
883 2463 965 2524 ἔασιν·

361 2559 415 2621 οἰου
429 2559 452 2619 δ’
465 2555 560 2618 ούπατε
574 2555 639 2638 φασί
650 2553 721 2634 γένος
730 2552 900 2636 φράσσασθαι
910 2551 1029 2624 ὀνίσκου,

360 2647 419 2707 ἀλλ’
433 2645 472 2706 ἔτι
483 2644 552 2704 τοῦτ’
563 2638 670 2714 ἀίδηλον
684 2645 710 2701 ἐν
732 2638 891 2721 ἀνθρώποισι
908 2637 1038 2700 τέτυκται.

312 2755 352 2796 stt
405 2724 469 2794 Ele’
483 2729 515 2790 ἄν
527 2729 550 2790 δ’
564 2732 686 2809 εἰαρινοῖο
696 2727 878 2809 περιπλήθωσι
891 2727 977 2806 γόνοιο

361 2821 448 2904 ἰχθύες
457 2817 583 2896 ώοτόκοι,
597 2817 638 2875 rol
649 2817 696 2895 μέν
711 2814 781 2875 κατά
793 2819 878 2896 χῶρον
892 2814 998 2874 έκαοτοι

361 2909 468 2981 εὔκηλοι
482 2905 621 2986 μίμνουσιν
636 2903 674 2963 tvl
689 2901 835 2986 σφετέροισι
849 2901 960 2980 δόμοισι·

361 2996 456 3058 πολλοὶ
469 2996 491 3053 δ’
507 2991 648 3074 ἀγρόμενοι
665 2991 740 3062 ξυνλν
752 2991 811 3051 iilo
823 2989 980 3071 ὁρμώωνται

362 3083 483 3153 Εὔξεινον
496 3080 564 3160 μετὰ
575 3079 680 3153 πόντον,
692 3078 726 3138 ἵν’
739 3077 828 3138 αὐτόθι
840 3077 919 3138 τέκνα
939 3077 1076 3139 τέκωνται.

315 3196 356 3236 ιω
368 3176 460 3238 Κιῖνος
473 3171 524 3251 γάρ
534 3168 623 3241 πόσης
633 3166 824 3251 γλυκερώτερος
836 3166 994 3248 ἀμφιτρίτης

362 3261 471 3332 κόλπος,
485 3255 659 3339 ὀπειρεσίοισι
669 3255 715 3314 καί
728 3249 843 3336 εθύδροις
856 3263 1013 3333 ποταμοῖσιν

363 3347 512 3430 ἀρδόμενος
525 3345 645 3424 μαλακαὶ
656 3343 684 3403 δέ
695 3342 882 3425 πολυψάμαθοί
891 3343 915 3401 τ’
929 3343 1050 3420 ἐπιωγαί·

364 3439 390 3496 ἐν
403 3432 431 3495 δέ
439 3436 463 3493 οἰ
478 3433 582 3514 εὐφυέες
596 3455 625 3490 τε
638 3431 717 3510 νομαί
733 3430 779 3490 καί
793 3427 922 3508 ἀκύμονες
933 3431 1027 3503 ἀκταὶ,

363 3522 458 3604 πέτραι
469 3545 498 3580 τε
511 3519 643 3602 γλαφυραὶ
657 3518 703 3578 καί
715 3517 834 3600 χηραμοί
848 3518 991 3592 ἰλυόεντες,

314 3635 354 3674 sos
369 3611 447 3692 ἄκραι
460 3633 489 3668 τε
504 3608 607 3689 σκιεραί
621 3606 667 3666 καί
681 3606 721 3666 ὀσ’
738 3604 826 3686 ἰχθύσι
840 3605 945 3687 φίλτατ’
959 3606 1032 3666 ἔασιν

364 3702 391 3758 ἐν
409 3694 437 3755 δέ
448 3697 472 3754 οἰ
485 3694 543 3754 οὔτε
557 3718 583 3752 τι
595 3699 676 3766 κῆτος
687 3693 819 3774 ἀνάρσιον,
831 3693 890 3752 οὔτε
903 3718 930 3752 τι
940 3699 1020 3771 πῆμα

364 3783 514 3868 έντρέφεται
529 3781 681 3841 νεπόδεσσιν
697 3779 821 3860 ὀλέθριον,
833 3779 892 3840 οὐδὲ
905 3781 952 3859 μέν
964 3780 1037 3840 ὀσσοε

365 3869 502 3951 δυσμενέες
514 3869 640 3948 γεγάασιν
655 3869 695 3927 ἐπ’
709 3867 797 3948 ἰχθύσι
812 3867 984 3948 βαιοτέροισεν

364 3959 436 4020 όλκοί
449 3956 631 4030 πουλυπόδων,
645 3954 697 4016 οόδ’
713 3955 836 4028 ἀστακοὶ,
850 3954 909 4014 οὐδὲ
923 3955 1067 4037 πάγουροι·

315 4070 356 4110 cru
368 4053 466 4129 παῦροι
477 4045 525 4124 μὲν
541 4047 669 4127 δελφῖνες,
683 4042 843 4126 ἀκιδνότεροι
856 4041 883 4102 δέ
896 4042 942 4102 καὶ
954 4046 1024 4103 αὐτοὶ

365 4136 470 4210 κητείης
484 4139 573 4214 γενεῆς
583 4132 628 4191 καί
641 4131 747 4204 ἀκήδεις
761 4131 949 4210 έννεμέθονται.

370 4223 499 4286 Τούνεκεν
514 4219 602 4301 ἰχθύσι
613 4225 682 4280 κεῖνο
695 4219 770 4279 πέλει
781 4219 970 4302 κεχαρισμένον
983 4219 1053 4301 ύδωρ

368 4312 521 4390 ἐκπάγλως,
533 4308 581 4369 καί
591 4308 689 4369 πολλόν
698 4307 883 4368 έπισπεύδουοι
895 4307 1007 4368 νέεσθαι.

366 4401 527 4461 Στέλλονται
538 4399 561 4457 δ’
574 4396 631 4476 ἅμα
637 4397 732 4464 πάντες
743 4395 878 4475 ὁμιλαδὸν,
885 4395 995 4456 ἀλλοθεν
1010 4397 1089 4465 ἄλλος

319 4509 358 4548 crs
373 4491 409 4554 εἰς
422 4487 448 4547 ἓν
463 4485 639 4566 ἀγειρόμενοι,
651 4485 699 4564 μία
717 4483 746 4544 δέ
762 4507 835 4565 σφισι
847 4494 913 4544 πᾶσι
924 4485 1045 4552 κέλευθος

366 4573 460 4653 πομπή
476 4597 504 4632 τε
521 4573 582 4654 διττή
598 4573 686 4632 τεκαὶ
701 4563 735 4631 ui
746 4571 934 4652 παλινόστιμος
945 4573 1023 4655 ὁρμή.

367 4657 494 4744 Θρηίκιον
512 4662 534 4719 δ’
549 4660 655 4720 ἀνύουσι
671 4660 729 4741 βοὸς
739 4659 820 4740 πόρον
834 4661 984 4740 αἰολόφυλοε

368 4747 457 4828 ἰομοί,
472 4747 620 4830 Βεύρυκίην
631 4771 661 4806 τε
670 4746 752 4828 παρὲξ
766 4747 818 4807 ἀλα
833 4748 878 4808 καί
890 4746 976 4826 στόμα
993 4746 1088 4808 πόντου

368 4836 476 4909 στεινὸν,
492 4835 662 4914 ἄμειθόμενοι
674 4835 778 4918 δολιχόν
792 4835 887 4917 δρόμον
903 4835 1068 4917 ἀμφιτρίτης.

321 4945 361 4984 ceo
374 4925 422 4992 Ὡς
435 4925 457 4983 δ’
468 4923 505 4984 ἄπ’
518 4925 564 4982 ἀπ’
577 4925 709 4986 Αἰθιόπων
723 4949 751 4984 τε
764 4925 809 4984 καὶ
821 4924 965 5002 Αἰγύπτοιο
981 4925 1065 5007 ῥοάων

335 5043 339 5052 ·
366 5013 494 5097 ύψιπετλς
504 5012 620 5096 γεράνων
632 5013 710 5096 χορός
726 5014 833 5098 ἔρχεται
849 5013 1014 5098 ἠεροφώνων,

368 5101 509 5169 Ἄτλαντος
522 5101 643 5182 νιφόεντα
658 5102 742 5183 πάγον
763 5103 809 5162 καί
827 5113 909 5184 χεῖμα
924 5110 1068 5186 φαγοῦσαι,

368 5190 517 5270 Πυγμαίων
525 5189 550 5249 τ’
557 5190 745 5272 ὀλιγοδρανέων
756 5191 874 5270 ἀμενηνά
886 5190 1002 5270 γένεθλα·

1119 551 1208 603 sponsa
1218 539 1326 602 splrans;
1338 535 1430 599 nuptiis
1440 535 1523 584 summ
1533 531 1625 595 gorio,

1118 627 1158 677 illa
1165 626 1263 690 quidem
1270 624 1344 675 maris
1350 625 1438 674 iterum
1445 615 1896 678 tenditedconsuetudinem,buucau·

1119 721 1168 766 tem
1175 715 1205 768 sd
1214 712 1313 777 terram]
1322 715 1413 762 tmolus
1420 711 1475 774 lert,
1482 710 1608 760 borridum
1615 711 1696 758 sutem
1704 705 1813 756 resorbet
1820 706 1896 766 virus,

1118 803 1265 866 deglutiens,
1278 800 1344 866 quod
1355 799 1421 864 prins
1432 799 1535 862 ejecerat
1545 801 1570 848 et
1576 798 1704 860 exspueret
1710 792 1831 843 denibus.

1119 891 1144 942 sl
1156 903 1213 941 vero
1226 903 1275 940 non
1284 886 1448 952 deprehendet
1459 887 1525 936 illam
1537 885 1623 944 bilem,
1634 895 1709 947 quam
1721 881 1807 942 viator,

1119 983 1186 1030 certo
1196 978 1299 1029 intuitus
1306 990 1375 1038 enm,
1385 975 1462 1026 nbluit
1471 987 1535 1038 oque
1546 973 1642 1036 rapida,

1122 1073 1173 1117 tum
1185 1067 1237 1130 ipse
1247 1063 1443 1128 indignabundus
1454 1063 1529 1125 jactat
1537 1073 1638 1124 corpus,
1650 1059 1727 1109 donec
1735 1058 1815 1108 latum

1121 1155 1223 1206 tunestse
1234 1155 1337 1218 accipiat
1344 1155 1372 1203 et
1379 1152 1518 1216 improvisus
1527 1150 1627 1210 mortis,

1120 1243 1345 1306 pudorosuliusus,
1356 1239 1423 1302 quod
1433 1239 1565 1301 imparatus
1573 1235 1647 1286 umis
1659 1228 1797 1292 siccamus
1803 1231 1900 1282 comde-

1120 1331 1263 1396 balbe-esse
1270 1327 1547 1393 serpentem,sd·saxnm
1554 1329 1636 1376 nutem
1643 1322 1899 1386 unu-perditetcorpus

1121 1434 1176 1469 cum
1188 1416 1302 1482 veneno]
1333 1416 1443 1479 Delphini
1456 1417 1537 1465 sutem
1553 1413 1612 1462 viris
1627 1411 1739 1460 similiter
1749 1409 1901 1460 concubitum

1120 1508 1252 1558 instituunt
1257 1505 1274 1570 ,]
1285 1504 1445 1570 pudendoque
1455 1502 1567 1552 humanis
1579 1499 1709 1564 persimilis
1719 1497 1886 1557 corroborsot;

1121 1609 1201 1659 neque
1210 1606 1305 1657 semper
1313 1593 1458 1656 conspicuus
1470 1592 1565 1640 meatus
1575 1589 1692 1648 musculi,
1703 1586 1748 1637 sed
1766 1585 1814 1648 ipsi
1825 1585 1887 1636 iuius

1122 1671 1904 1744 occultatur,concubitusseropernecessitatemextrsbiturt'oras.

1153 1772 1223 1821 Tales
1234 1769 1331 1833 quidem
1344 1782 1438 1820 umores
1451 1769 1512 1817 luter
1524 1767 1603 1831 pisces
1613 1767 1685 1827 utque
1700 1763 1853 1812 concubitus.

1123 1861 1191 1910 ilius
1204 1873 1261 1909 vero
1272 1859 1319 1908 alio
1330 1859 1421 1907 coitum
1431 1856 1523 1920 appetit
1531 1857 1652 1916 ternpore,

1123 1951 1148 1998 et
1159 1947 1336 2009 generationem
1346 1945 1451 2009 protert;
1461 1943 1515 1992 aliis
1527 1941 1625 2005 quidem
1635 1943 1722 1999 restas,
1734 1937 1788 1988 aliis
1799 1938 1890 1998 biems,

1124 2036 1176 2084 aliis
1187 2039 1268 2083 autem
1282 2046 1326 2083 ver
1337 2035 1380 2082 eut
1391 2043 1498 2094 pruceps
1508 2033 1603 2094 portum
1614 2026 1727 2091 producit
1738 2028 1883 2084 autumnus,

1124 2124 1149 2173 et
1159 2122 1199 2171 ulii
1209 2119 1308 2184 quidem
1320 2133 1384 2169 suno
1395 2132 1468 2168 unam
1478 2118 1573 2180 pariunt
1583 2114 1691 2165 sobolem
1697 2150 1705 2176 ,

1125 2211 1189 2274 iique
1202 2208 1313 2272 plurimi,
1323 2207 1402 2257 lucius
1415 2208 1497 2256 autem
1506 2205 1544 2254 bis
1553 2207 1666 2266 grurutnr
1680 2207 1765 2266 partu,

1125 2299 1203 2362 triglre
1215 2302 1295 2351 sutem
1307 2300 1384 2350 ternis
1393 2297 1547 2361 cognomines
1558 2299 1616 2345 sunt
1626 2293 1834 2357 generationibus,

1126 2389 1234 2452 scorpius
1245 2401 1316 2452 porro
1325 2387 1448 2450 quaternis
1460 2384 1562 2436 instinct
1570 2383 1647 2432 telum
1660 2380 1891 2446 partus-doloribus,

1127 2474 1233 2539 quinque
1242 2488 1301 2525 vero
1309 2474 1413 2538 cuprinis
1424 2472 1589 2535 generationes
1601 2470 1659 2520 solis
1668 2471 1738 2531 sunt;

1128 2560 1288 2611 soliusautem
1298 2573 1420 2624 nunquam
1429 2560 1498 2621 ajunt
1504 2558 1680 2622 procretionem
1687 2555 1908 2620 se-dcpreheudisss

1128 2649 1195 2700 aselli
1200 2648 1218 2713 ,]
1229 2649 1271 2698 sed
1283 2649 1416 2699 etiamnum
1430 2647 1470 2697 ille
1481 2649 1586 2698 obscura
1595 2649 1658 2696 inter
1668 2645 1778 2696 homines
1789 2650 1835 2694 est.

1158 2737 1260 2796 Quando
1268 2742 1349 2788 antmn
1362 2749 1434 2786 verno
1445 2736 1577 2800 pleni-suut
1589 2737 1640 2786 letu

1128 2825 1206 2890 pisces
1218 2825 1324 2888 uvipuri,
1333 2825 1375 2874 alii
1390 2824 1504 2887 quidem,
1514 2824 1539 2872 in
1548 2837 1600 2873 suo
1611 2821 1708 2884 regione
1723 2821 1841 2884 quisque,

1128 2912 1201 2978 quieti
1212 2919 1310 2964 manent
1318 2914 1343 2963 in
1359 2913 1410 2963 suis
1423 2913 1564 2973 domiciliis,

1128 3002 1198 3052 multi
1212 3015 1269 3052 vero
1281 3002 1416 3064 congregati
1427 3013 1557 3052 commune
1566 3001 1611 3050 iter
1621 2998 1758 3062 suscipiunt

1128 3089 1249 3168 Euripum
1259 3088 1287 3138 od
1299 3095 1412 3152 pontum,
1423 3091 1451 3139 ut
1461 3088 1494 3139 ibi
1506 3089 1571 3138 letus
1582 3087 1715 3151 procreent

1129 3177 1171 3226 llle
1180 3181 1245 3227 enlm
1256 3178 1342 3240 quovis
1354 3175 1449 3228 dulcior
1457 3177 1495 3226 esi
1503 3176 1564 3225 mari

1129 3265 1211 3326 sinus,
1223 3264 1324 3313 iulruitis
1335 3265 1359 3313 et
1370 3261 1537 3326 aquosissimis
1549 3261 1690 3310 llumiuibus

1130 3353 1234 3416 rigatum
1247 3352 1333 3402 molles
1342 3351 1400 3402 item
1411 3357 1483 3414 alque
1492 3349 1588 3400 arenosi
1602 3353 1702 3413 portus;

1129 3441 1201 3502 inque
1211 3441 1266 3503 ipso
1278 3441 1389 3502 bonoque
1401 3453 1488 3503 passm
1496 3442 1522 3489 el
1533 3437 1715 3488 sine-ductibus
1726 3437 1795 3498 scire,

1130 3542 1233 3591 musque
1244 3542 1304 3578 cars
1315 3531 1340 3578 et
1351 3529 1471 3591 speluncae
1483 3527 1590 3586 limosae,

1130 3617 1340 3679 promontoriaque
1350 3615 1463 3664 umbroso
1474 3619 1498 3665 et
1505 3612 1771 3677 quascunquepiscthns
1781 3611 1914 3672 grabssima

1129 3703 1210 3767 sunt;]
1221 3704 1294 3768 inque
1305 3704 1347 3753 illo
1357 3716 1401 3752 nec
1411 3704 1486 3752 ullum
1496 3703 1562 3752 celos
1572 3701 1698 3761 infestum,
1708 3713 1752 3750 nec
1764 3699 1811 3749 ullo
1822 3713 1880 3748 noxa

1130 3792 1235 3841 nutritur
1244 3791 1350 3854 piscibus
1363 3791 1509 3854 perniciosa,
1521 3803 1599 3853 neque
1610 3789 1725 3852 quidem,
1736 3789 1779 3851 qui

1130 3879 1219 3929 inimici
1232 3885 1288 3929 sunt
1300 3880 1407 3943 piscibus
1419 3877 1568 3940 minoribus,

1130 3973 1221 4019 tractus
1232 3968 1388 4032 polyporum,
1403 3981 1481 4030 nequo
1490 3967 1579 4027 astuci,
1591 3979 1670 4029 neque
1681 3965 1777 4032 psguri;

1131 4057 1199 4120 pauci
1210 4057 1308 4119 quidem
1319 4055 1425 4119 dclpbini
1434 4092 1442 4116 ,
1451 4055 1619 4104 imbecilliores
1630 4059 1712 4106 autem
1723 4059 1749 4106 et
1761 4057 1808 4119 ipsi

1130 4147 1219 4196 cetario
1232 4157 1317 4207 genere
1329 4148 1353 4193 et
1364 4141 1462 4193 innocui
1473 4141 1645 4204 inco-degunt.

1131 4233 1249 4291 Quocirca
1259 4231 1364 4294 piscibus
1374 4234 1441 4293 gratu
1452 4235 1490 4279 est
1500 4242 1529 4278 ea
1540 4243 1603 4293 aqua

1130 4321 1294 4381 veliementer,
1305 4323 1329 4369 et
1338 4319 1469 4369 admodum
1481 4319 1608 4380 festinent,
1620 4317 1798 4368 uteo-abeant.

1131 4408 1315 4458 proficiscuntur
1326 4410 1406 4457 cutem
1419 4407 1491 4456 simul
1502 4420 1587 4458 onmes
1596 4407 1726 4468 gregatim,
1738 4406 1837 4456 aliunde
1846 4409 1886 4458 ulii

1130 4499 1154 4548 in
1167 4510 1241 4547 unum
1254 4495 1363 4558 collecti,
1376 4509 1424 4545 unu
1437 4509 1495 4546 vero
1506 4499 1545 4545 est
1556 4495 1615 4558 ipsis
1626 4494 1740 4544 omnibus
1752 4495 1791 4542 via

1131 4597 1265 4649 pompaque
1276 4597 1410 4646 cursusque
1421 4588 1446 4634 et
1459 4597 1556 4633 rursum
1567 4583 1644 4632 redux
1655 4582 1768 4645 impetus.

1131 4672 1259 4722 Thracium
1270 4671 1502 4722 verotransmittunt
1511 4671 1659 4734 bosphorum
1668 4671 1917 4734 veriorum-generum

1131 4761 1239 4822 agmins,
1250 4759 1393 4824 Bebrycium
1404 4762 1473 4810 extra
1485 4773 1551 4809 mare
1560 4761 1586 4810 et
1596 4759 1686 4808 ostium
1696 4761 1764 4822 ponti

1132 4856 1273 4912 angustum,
1287 4851 1436 4912 permeantes
1444 4849 1541 4909 longum
1554 4848 1659 4910 spatium
1669 4848 1751 4896 meris.

1133 4941 1166 4988 Ut
1177 4941 1258 4987 autem
1270 4951 1325 4987 cum
1340 4936 1371 4986 ab
1382 4936 1582 5000 AEtbiopibusque
1593 4938 1618 4984 et
1631 4935 1727 4998 AEgypti
1739 4935 1838 4984 liuentis

1132 5026 1274 5076 alte-volsus
1283 5039 1368 5086 gruum
1378 5030 1456 5074 cretus
1465 5023 1624 5088 proficiscitur
1633 5023 1913 5085 iuuere-clangentium.

1133 5114 1235 5166 Atlantis
1246 5114 1355 5162 nivosum
1363 5115 1449 5176 jugum
1462 5116 1487 5164 et
1498 5113 1601 5163 hiemem
1612 5110 1744 5171 fugientes,

1133 5205 1348 5264 Pygnsaeorumque
1359 5202 1493 5252 imbellium
1506 5199 1601 5250 infirma
1612 5211 1712 5264 genem
