4028 6042
313 349 348 401 32
738 349 836 410 billi
853 345 986 409 ΣΤΙΧΟΙ
1008 338 1100 404 ΠΕΡΙ
1121 337 1227 402 zubir
1247 337 1468 400 ltlotlltot.
1655 357 1666 374 ·
1808 327 1926 409 (uc-aul

309 508 360 548 rato
373 484 451 569 φασὶν
463 485 547 567 ἰατροὶ
561 481 607 545 καὶ
617 484 702 568 ’ψιλοῖς
712 481 805 566 τρθχας
818 479 900 564 φύειν·

372 573 434 658 οἴνῳ
445 572 473 634 δὲ
485 575 571 655 λευκῷ
583 573 773 652 συγκραθεῖσαν
784 572 821 638 εἰς
834 567 911 629 πόσιν

375 664 484 743 ἀλγοῦσι
497 664 597 744 νεφροῖς
608 664 743 741 εὑρεθῆναι
756 657 904 740 φύρμακον,

373 743 449 834 ἧπάρ
463 775 492 810 τι
505 750 590 828 καμδν
604 752 634 808 ἐκ
647 757 732 831 impii<
745 745 900 829 ἀναψύχειν,

310 839 356 922 (τι)
370 839 417 900 καὶ
430 841 577 922 φλεγμονῆς
588 835 687 916 οἴδημα
698 835 847 896 συστέλλειν
864 833 928 904 ζέον.

491 1083 599 1163 [unm
620 1080 909 1158 inportunos]

314 1241 364 1282 talc
377 1219 479 1300 Φαγόιν
491 1244 528 1290 τις
537 1219 620 1294 όπτλν
631 1219 805 1298 ἱπποκύμπου
814 1216 945 1300 γαστέρα,

377 1309 474 1371 λύτταν
490 1309 599 1382 κυνικὴν
608 1311 792 1393 εδσφθαρεῖσαν
804 1307 898 1387 ἐξέχει.

378 1397 451 1480 Οἴνῳ
466 1397 494 1458 δέ
505 1395 653 1469 συξέσασαν
664 1401 712 1458 οὐκ
725 1397 758 1459 ἀν
768 1396 858 1458 ἐσθίοι.

375 1490 453 1570 turp
462 1485 513 1568 γδιρ
526 1484 626 1558 ιύθῦςή
638 1484 719 1568 τροφὴ
731 1483 779 1557 τὴν
807 1484 920 1567 αστέρα·

327 1576 359 1656 (i)
374 1576 420 1635 καὶ
433 1575 532 1655 γίνεται
541 1573 620 1654 λθγξ,
632 1565 688 1633 εἶτα
701 1573 766 1654 βὴξ,
783 1509 840 1633 εέτα
851 1573 961 1657 τρόμος,

237 1726 242 1734 ,
314 1684 368 1724 ιιεο
382 1652 439 1723 εἶτα
452 1661 609 1745 σπαραγμδς
619 1663 665 1722 καὶ
677 1665 763 1740 μελῶν
776 1661 822 1722 καὶ
836 1661 959 1745 καρδίας,

384 1751 430 1812 καὶ
447 1750 510 1833 πρδς
523 1752 568 1810 τὸν
583 1749 726 1834 ἐγκέφαλον
742 1751 847 1833 ύργῶσα
857 1749 943 1827 ξέσις,

378 1841 446 1915 λήθη
457 1864 502 1918 τε,
512 1840 559 1902 καὶ
570 1839 698 1919 μύκημα,
708 1839 754 1900 καὶ
765 1837 846 1920 βαρύς
855 1837 949 1920 κόρος,

378 1929 424 1991 καὶ
439 1927 547 2009 βλέμμα
558 1928 671 2011 νωθρδν,
685 1926 754 1988 ἀλλά
763 1933 816 2010 πῦρ
827 1928 920 2009 σχεδὸν
936 1925 1018 2009 φέρον,

316 2019 360 2097 (ιο)
378 2017 424 2078 καὶ
437 2015 513 2097 χύσις
525 2019 613 2096 ὑγρῶν,
626 2018 656 2075 ἐκ
668 2015 736 2099 ρινδς
746 2015 914 2097 παχυτέρων,

317 2126 369 2166 lats
383 2104 429 2165 καὶ
443 2105 516 2189 δίψος
532 2108 566 2172 ὡς
577 2103 640 2187 pli}
651 2105 770 2174 ἐκπιέζον
781 2102 830 2177 τὴν
849 2103 935 2188 φύσιν·

369 2193 426 2252 ’καὶ
446 2189 551 2276 μετρέου
564 2190 702 2274 ρεύσαντος
715 2195 740 2252 ἐν
754 2190 855 2260 τούτοις
864 2190 973 2272 χρόνου,

383 2283 498 2365 πταρμῷ
509 2279 630 2362 τιναχθέν
640 2290 693 2340 πᾶν
703 2281 734 2341 τδ
744 2285 821 2359 σῶμα
837 2279 972 2363 ῥήγνυται.

657 2433 761 2452 ι--

432 2571 444 2596 ..
549 2532 644 2622 unm
666 2531 863 2593 urriani.

384 2663 420 2734 ‘ll
430 2672 536 2751 μυγαλὴ
550 2671 662 2732 δέδοικεν
675 2670 778 2752 ἐκτόπῳ
789 2671 865 2754 φύσει

386 2758 511 2844 γραμμθς
521 2759 628 2839 θμαξῶν
645 2762 674 2819 ἐκ
684 2763 787 2840 τροχῶν
808 2757 990 2840 εἰργασμένας.

322 2867 372 2909 1360
387 2852 482 2930 Nupsit:
494 2847 545 2930 γδιρ
557 2851 648 2916 αιἰταῑς
658 2850 824 2926 ἐμπεσοῦσα,
838 2847 884 2907 καθ
894 2847 997 2928 τρέμει,

388 2933 540 3017 βραδύνασα
553 2935 579 2995 δὲ
595 2935 641 2996 καὶ
654 2937 763 3018 τελευτᾷ
774 2934 913 3004 πολλάκις.

336 3025 367 3106 (c)
387 3024 442 3085 Καὶ
454 3020 512 3090 τοῦς
526 3023 571 3083 ὑπ’
585 3025 665 3096 αύτῆς
677 3025 813 3104 δυστυχῶς
826 3023 999 3104 δεδηγμένους

387 3114 485 3172 ἐκεῖθεν
496 3110 581 3192 ἀρθεὶς
595 3110 694 3180 ἐξιᾶται
704 3117 767 3192 χοῦς
781 3111 866 3192 μόνος·

389 3201 495 3282 καὶγὰρ
508 3199 538 3259 τδ
551 3202 649 3260 λυποῦν
662 3203 783 3282 εὐμαρῶς
794 3200 917 3280 ὑπεξάγει

327 3309 377 3350 tesi
389 3287 489 3372 βραχὺς
502 3292 544 3350 ἐπ’
555 3291 636 3362 αὐτῆς
647 3293 694 3362 τῆς
705 3293 788 3367 τομῆς
798 3290 975 3369 πεπασμένος.

659 3440 767 3456 n·—
831 3445 834 3452 .

516 3524 612 3584 ituri
632 3525 918 3586 ΚΡΟΚΟΔΕΙΛΟΥ.

284 3697 286 3700 -
395 3659 468 3720 Ὦῶν
480 3659 508 3718 δὲ
521 3658 603 3741 σωρθν
616 3659 803 3741 δκροκόδειλος
814 3659 883 3735 κύει,

397 3744 465 3806 αετά
477 3746 504 3805 δέ
518 3745 565 3819 τλν
579 3749 684 3829 έκλεψιν
696 3747 769 3817 εὐθὺς
779 3753 831 3808 τῶν
843 3751 926 3809 τόκων

399 3835 532 3916 ἐγκεντρος
543 3835 644 3916 ἐξέρπει
654 3835 693 3904 τὶς
704 3838 784 3897 αὐτοῦ
796 3839 931 3919 σκορπίος,

399 3920 441 4005 ὑφ’
455 3915 485 3981 οῦ
497 3923 607 4004 τελευτᾷ
622 3923 687 4004 πρὸς
703 3924 800 4008 φθορὰν
811 3926 1004 4007 πεπληγμένος.

414 4157 507 4222 ΠΕΡΙ
527 4156 765 4217 ΔΡΛΚΟΝΤΩΝ
786 4160 1032 4227 ΑΙΘΙΟΠΙΚΩΝ.

333 4324 383 4365 tito
399 4301 529 4365 Αἰθιόπων
544 4301 699 4384 δρόκοντες,
714 4307 737 4364 εἰ
747 4309 827 4386 θηρᾷν
840 4304 908 4386 δέοι,

399 4391 533 4472 χαύνοντες
545 4392 730 4469 ἀσθμαίνουσιν
742 4396 777 4460 εἰς
788 4393 833 4453 τὸν
843 4393 925 4476 ἀέρα,

404 4479 449 4540 καὶ
467 4484 519 4540 τῶν
533 4487 657 4541 πετεινῶν
671 4480 719 4550 τθς
731 4483 885 4563 κρεμαστθις
897 4483 1008 4564 ἀγέλας,

403 4565 470 4649 ἰὐγξι
481 4574 578 4651 θερμῆς
592 4571 713 4643 ιθσπνοῆς
726 4571 888 4649 κηλουμένας

350 4657 380 4734 (a)
404 4655 449 4714 καλ
459 4654 601 4735 σπωμένας
610 4656 708 4717 ἀνωθεν
720 4660 755 4726 εἰς
765 4662 814 4738 γῆν
827 4658 937 4741 ἀθρόας,

261 4765 262 4770 ’
333 4765 385 4804 icas
399 4746 428 4802 ἐκ
439 4747 492 4804 τῶν
500 4745 602 4825 γνάθων
616 4743 737 4806 έλκουσιν
752 4749 787 4815 εἰς
798 4745 846 4820 την
860 4747 985 4831 γαστέρα.

405 4834 498 4913 Θῆρας
509 4832 536 4892 δὲ
553 4833 644 4902 νυκτδς
659 4836 788 4916 ἐλλοχῶσι
800 4837 966 4917 δυσμάχους,

406 4917 452 4978 καὶ
465 4924 525 5002 βοῦς
537 4920 689 4999 τιθασσοθς,
701 4922 747 4982 καὶ
760 4920 847 5006 κριούς
861 4921 887 4993 ἐξ
902 4925 1007 5000 αὐλέων,

406 5005 512 5089 ἀμαχον
526 5007 602 5090 ἰσχύν
612 5011 794 5092 εὐτυχοῦντες,
806 5011 930 5084 αῦτόναξ.

690 5144 768 5168 *σε

1139 474 1225 525 dicunt
1236 470 1324 523 medici
1335 471 1407 522 ellam
1420 467 1495 520 calvis
1502 467 1603 532 ςὶςιιοια
1614 464 1760 530 capillos:

1107 628 1112 640 Ι
1140 575 1196 612 cum
1206 561 1263 611 rinc
1274 562 1355 636 autem
1367 559 1422 610 albo
1432 557 1464 610 αθ
1472 557 1595 622 potionem
1609 557 1807 618 temperatum

1140 664 1225 702 mcum
1234 650 1312 700 dolori
1322 649 1449 700 inventum
1457 661 1510 699 esee
1522 645 1717 698 laborantibus
1728 641 1879 702 emelim,

1141 739 1175 788 ita
1183 741 1211 789 ut
1221 743 1245 790 et
1251 737 1320 802 Jecur
1329 737 1441 788 laborans
1449 749 1480 786 ex
1489 739 1552 787 cestu
1562 734 1728 796 refrigeret,

1142 833 1165 878 et
1177 826 1371 877 inflammationis
1381 828 1501 876 tumorem
1511 823 1582 876 sedet
1592 822 1760 876 fervidum.

1283 1067 1333 1147 [cc
1357 1064 1426 1148 (ω).
1449 1067 1501 1127 oe
1522 1062 1841 1142 nrrrocamrop

1145 1224 1169 1273 Si
1178 1223 1233 1287 quis
1242 1223 1396 1289 hippocampi
1403 1229 1514 1276 ventrem
1528 1239 1612 1276 εεειιιει
1620 1223 1802 1282 comederit,

1144 1312 1233 1364 rabiem
1244 1313 1367 1376 caninam,
1378 1327 1426 1378 qua
1437 1313 1511 1365 tuerit
1524 1316 1674 1378 correptus,
1687 1312 1792 1375 abigit.

1143 1400 1190 1452 sel
1199 1401 1224 1451 in
1235 1400 1292 1452 rino
1301 1407 1393 1453 coctam
1403 1402 1475 1454 edere
1489 1416 1537 1453 non
1546 1402 1628 1453 debet.

1090 1475 1093 1482 ⁴
1144 1495 1205 1543 llam
1217 1495 1298 1544 statim
1308 1493 1348 1543 bic
1362 1492 1432 1544 cibus
1442 1497 1551 1544 ventrem
1563 1491 1728 1552 conturbnt;

1146 1583 1171 1632 et
1179 1580 1258 1631 oritur
1269 1581 1403 1645 singultus,
1413 1581 1500 1632 deiude
1508 1583 1598 1643 bissis,
1608 1586 1668 1632 tum
1682 1582 1804 1638 tremor,

1145 1671 1198 1719 tum
1209 1670 1334 1720 convulsio
1343 1674 1367 1720 et
1377 1670 1540 1722 membrorum
1549 1673 1575 1720 et
1583 1669 1686 1730 cordls;

1145 1761 1170 1808 ct
1181 1757 1338 1808 inllammatio
1351 1758 1476 1809 cerebrum
1486 1757 1616 1820 iniectans,

1145 1853 1170 1900 et
1181 1849 1283 1911 oblivio,
1301 1854 1325 1902 et
1334 1849 1457 1913 mugitus,
1467 1851 1493 1900 et
1505 1850 1586 1913 grcris
1596 1862 1685 1912 sopor,

1146 1935 1343 1998 etruusbebes,
1353 1949 1491 2001 quanquam
1506 1935 1561 2000 igne
1573 1932 1774 1999 propemodum
1789 1931 1902 1992 flauam,

1146 2025 1172 2074 et
1181 2024 1262 2075 liuius
1276 2025 1427 2075 humorurne
1441 2023 1543 2075 mribus
1554 2023 1730 2086 uasaiomm,

1147 2119 1171 2164 ct
1184 2113 1237 2164 sitis
1248 2119 1363 2177 tanquam
1374 2113 1472 2164 bamma
1481 2127 1568 2178 iugens
1580 2125 1671 2177 corpus
1683 2128 1693 2162 :

1148 2215 1176 2252 ac
1187 2201 1310 2252 modicum
1319 2201 1382 2253 inter
1392 2202 1444 2252 brec
1453 2202 1496 2252 ubi
1505 2201 1646 2267 praeterfluit
1654 2207 1786 2266 tempus,

1149 2292 1324 2342 sternutatione
1336 2304 1480 2342 concussum
1494 2305 1583 2355 corpus
1591 2305 1664 2344 omne
1675 2291 1827 2356 rumpitur.

1279 2543 1315 2594 cr
1340 2533 1410 2613 (tt).
1432 2533 1485 2594 DE
1506 2535 1620 2596 MURE
1640 2533 1827 2602 ARANEO.

1150 2688 1205 2736 litus
1216 2699 1317 2737 araneus
1327 2701 1368 2752 per
1379 2687 1525 2753 singularem
1536 2691 1646 2739 naturam
1658 2689 1733 2740 timet

1151 2775 1241 2826 orbitas
1251 2776 1311 2826 rotis
1320 2791 1435 2828 curruum
1447 2778 1541 2829 icens:

1151 2876 1207 2913 nam
1216 2864 1312 2927 torpet,
1326 2866 1423 2929 quando
1432 2866 1462 2917 iis
1471 2867 1571 2931 incidit,
1581 2874 1606 2918 et
1616 2870 1715 2931 tremit,

1152 2953 1246 3002 morata
1260 2957 1342 3004 autem
1353 2953 1390 3004 tbi
1402 2955 1475 3006 ctiam
1485 2957 1646 3018 exstinguitur
1654 2971 1729 3021 saepe.

1152 3043 1182 3090 El
1190 3041 1233 3104 qul
1243 3040 1275 3091 ab
1284 3055 1314 3092 eo
1328 3042 1455 3094 iuielleiter
1466 3045 1540 3095 morsi
1552 3047 1624 3108 sunt,
1638 3059 1680 3096 cca

1153 3128 1219 3180 solus
1228 3143 1259 3182 cx
1270 3131 1317 3180 illis
1328 3132 1420 3182 orbitis
1431 3137 1548 3196 exceptus
1560 3135 1639 3198 pulvis
1647 3138 1717 3186 sanat
1728 3151 1734 3185 ι

1153 3230 1209 3291 nem
1218 3217 1307 3270 doloris
1317 3221 1461 3272 efficientem
1472 3233 1572 3273 causant
1584 3223 1652 3274 iscllc
1660 3224 1728 3287 ejicit

1154 3305 1193 3357 llle
1203 3321 1252 3358 nou
1261 3308 1357 3373 copiose
1368 3309 1415 3374 ipsi
1424 3310 1519 3361 vulneri
1528 3311 1660 3376 inspersus

1317 3547 1354 3600 cs
1378 3536 1460 3618 (ιιι.
1481 3540 1534 3601 nn
1554 3540 1786 3604 ccoconuo.

1133 3709 1135 3716 .
1156 3676 1263 3724 ovorum
1275 3678 1356 3726 cutem
1370 3689 1483 3727 acervum
1495 3679 1630 3730 crocodilus
1643 3681 1706 3745 parit
1720 3699 1727 3732 ε

1156 3753 1199 3803 sed
1211 3755 1265 3816 pest
1276 3755 1440 3807 exclusionem
1452 3757 1556 3808 ioeluum
1568 3760 1650 3810 statim

1156 3844 1187 3882 ex
1196 3831 1316 3882 crocodilo
1326 3835 1523 3899 prorepitcculeo
1531 3837 1665 3888 instructus
1674 3839 1784 3904 scorpio,

1157 3933 1231 3984 aquo
1243 3921 1306 3984 perit
1317 3923 1363 3972 illc
1373 3923 1475 3974 letaliter
1484 3923 1557 3975 ictus.
1663 3993 1664 4000 γ
1677 3977 1683 3988 ,

1491 4069 1594 4087 —

1181 4171 1218 4224 tili
1241 4162 1323 4241 (66).
1345 4165 1396 4224 DE
1416 4166 1664 4230 DRACONIBUS
1685 4157 1909 4228 AETHlOPlClS.

1159 4309 1298 4374 AEtblcpum
1307 4309 1435 4377 dracones,
1446 4326 1522 4376 quum
1533 4314 1673 4368 renaudum
1686 4315 1734 4365 sibl
1741 4328 1797 4368 esse
1804 4311 1888 4364 riberii,

1160 4397 1253 4448 hiantes
1264 4398 1345 4450 balant
1354 4400 1379 4449 in
1390 4414 1483 4464 ειετοιιις

1159 4491 1183 4536 ei
1195 4486 1328 4538 volatilium
1336 4501 1467 4552 suspensos
1478 4503 1574 4553 greges,

1159 4574 1278 4626 illecebris
1293 4575 1378 4627 rulldae
1388 4561 1527 4641 spirationis
1539 4578 1650 4630 delinitos

1159 4667 1185 4714 ei
1195 4677 1298 4728 superne
1307 4662 1424 4716 deductos
1435 4666 1466 4715 erl
1476 4667 1576 4717 bumum
1586 4669 1726 4730 confertim,

1160 4765 1202 4815 per
1214 4752 1323 4802 marullus
1332 4753 1432 4804 trudunt
1441 4768 1466 4804 ιιι
1476 4761 1593 4806 ventrem.

1160 4841 1237 4890 Noctu
1249 4843 1330 4891 auum
1341 4841 1482 4893 insidiantur
1491 4843 1575 4894 bestiis
1583 4844 1717 4906 ferocibus,

1161 4930 1186 4976 et
1194 4926 1275 4978 bubus
1283 4931 1431 4993 mansuetis,
1441 4936 1467 4982 et
1475 4932 1593 4984 arietibus
1601 4947 1633 4983 ex
1644 4931 1760 4996 stabulis,

1160 5013 1278 5064 invictum
1290 5015 1464 5069 mburneturoe
1476 5019 1593 5072 beneficio
1603 5017 1736 5085 babentes,
1747 5031 1763 5070 ο
1774 5031 1823 5072 rea.
